<?xml version="1.0" encoding="UTF-8"?>
<!DOCTYPE html PUBLIC "-//W3C//DTD XHTML 1.0 Transitional//EN"
    "http://www.w3.org/TR/xhtml1/DTD/xhtml1-transitional.dtd">
<html xmlns="http://www.w3.org/1999/xhtml" xml:lang="en" lang="en">
 <head>
  <title>
</title>
<meta http-equiv="Content-Type" content="text/html;charset=utf-8" />
  <meta name='ocr-system' content='tesseract 3.04.00' />
  <meta name='ocr-capabilities' content='ocr_page ocr_carea ocr_par ocr_line ocrx_word'/>
</head>
<body>
  <div class='ocr_page' id='page_1' title='image "./decodicibusmedi00andrgoog_0009.png"; bbox 0 0 4646 5766; ppageno 0'>
   <div class='ocr_carea' id='block_1_1' title="bbox 1083 377 1283 440">
    <p class='ocr_par' dir='ltr' id='par_1_1' title="bbox 1083 377 1283 440">
     <span class='ocr_line' id='line_1_1' title="bbox 1083 377 1283 440; baseline -0.005 -18"><span class='ocrx_word' id='word_1_1' title='bbox 1083 377 1283 440; x_wconf 75' lang='grc'><strong>-4-</strong></span> 
     </span>
    </p>
   </div>
   <div class='ocr_carea' id='block_1_2' title="bbox 327 553 2041 5256">
    <p class='ocr_par' dir='ltr' id='par_1_2' title="bbox 327 553 2037 868">
     <span class='ocr_line' id='line_1_2' title="bbox 328 553 2035 637; baseline -0.004 -15"><span class='ocrx_word' id='word_1_2' title='bbox 328 568 414 634; x_wconf 86' lang='lat' dir='ltr'><strong>esset,</strong></span> <span class='ocrx_word' id='word_1_3' title='bbox 450 567 512 620; x_wconf 90' lang='lat' dir='ltr'><strong>turn</strong></span> <span class='ocrx_word' id='word_1_4' title='bbox 548 557 636 619; x_wconf 85' lang='lat' dir='ltr'><strong>etiam</strong></span> <span class='ocrx_word' id='word_1_5' title='bbox 671 555 827 620; x_wconf 91' lang='lat' dir='ltr'><strong>iucundior</strong></span> <span class='ocrx_word' id='word_1_6' title='bbox 860 556 936 618; x_wconf 85' lang='lat' dir='ltr'><strong>lacta</strong></span> <span class='ocrx_word' id='word_1_7' title='bbox 970 563 1016 617; x_wconf 85' lang='lat' dir='ltr'><strong>est</strong></span> <span class='ocrx_word' id='word_1_8' title='bbox 1038 555 1240 617; x_wconf 77' lang='lat' dir='ltr'><strong>benevolentia</strong></span> <span class='ocrx_word' id='word_1_9' title='bbox 1264 554 1341 626; x_wconf 85' lang='lat' dir='ltr'><strong>eius,</strong></span> <span class='ocrx_word' id='word_1_10' title='bbox 1375 554 1425 636; x_wconf 93' lang='lat' dir='ltr'><strong>qui</strong></span> <span class='ocrx_word' id='word_1_11' title='bbox 1453 553 1649 617; x_wconf 80' lang='lat' dir='ltr'><strong>bibliothecae</strong></span> <span class='ocrx_word' id='word_1_12' title='bbox 1674 553 1887 618; x_wconf 80' lang='lat' dir='ltr'><strong>laurentianae</strong></span> <span class='ocrx_word' id='word_1_13' title='bbox 1910 561 2035 637; x_wconf 83' lang='lat' dir='ltr'><strong>praeest,</strong></span> 
     </span>
     <span class='ocr_line' id='line_1_3' title="bbox 331 667 2037 752; baseline -0.002 -16"><span class='ocrx_word' id='word_1_14' title='bbox 331 671 466 736; x_wconf 85' lang='lat' dir='ltr'><strong>lloetoris</strong></span> <span class='ocrx_word' id='word_1_15' title='bbox 482 671 571 752; x_wconf 79' lang='lat' dir='ltr'><strong>lliagi,</strong></span> <span class='ocrx_word' id='word_1_16' title='bbox 595 677 833 750; x_wconf 87' lang='lat' dir='ltr'><strong>ceterorumque,</strong></span> <span class='ocrx_word' id='word_1_17' title='bbox 858 669 908 749; x_wconf 92' lang='lat' dir='ltr'><strong>qui</strong></span> <span class='ocrx_word' id='word_1_18' title='bbox 931 667 971 730; x_wconf 93' lang='lat' dir='ltr'><strong>ibi</strong></span> <span class='ocrx_word' id='word_1_19' title='bbox 995 667 1091 730; x_wconf 91' lang='lat' dir='ltr'><strong>studia</strong></span> <span class='ocrx_word' id='word_1_20' title='bbox 1115 667 1270 730; x_wconf 87' lang='lat' dir='ltr'><strong>hominum</strong></span> <span class='ocrx_word' id='word_1_21' title='bbox 1293 668 1518 748; x_wconf 81' lang='lat' dir='ltr'><strong>peregrinorum</strong></span> <span class='ocrx_word' id='word_1_22' title='bbox 1542 669 1691 742; x_wconf 89' lang='lat' dir='ltr'><strong>adiuvant,</strong></span> <span class='ocrx_word' id='word_1_23' title='bbox 1717 668 1848 732; x_wconf 84' lang='lat' dir='ltr'><strong>virorum</strong></span> <span class='ocrx_word' id='word_1_24' title='bbox 1871 669 2037 742; x_wconf 85' lang='lat' dir='ltr'><strong>doctorum,</strong></span> 
     </span>
     <span class='ocr_line' id='line_1_4' title="bbox 327 779 1153 868; baseline -0.01 -18"><span class='ocrx_word' id='word_1_25' title='bbox 327 805 407 868; x_wconf 91' lang='lat' dir='ltr'><strong>quos</strong></span> <span class='ocrx_word' id='word_1_26' title='bbox 430 795 553 868; x_wconf 88' lang='lat' dir='ltr'><strong>propter</strong></span> <span class='ocrx_word' id='word_1_27' title='bbox 575 782 749 846; x_wconf 84' lang='lat' dir='ltr'><strong>suauitatem</strong></span> <span class='ocrx_word' id='word_1_28' title='bbox 774 799 892 843; x_wconf 92' lang='lat' dir='ltr'><strong>morum</strong></span> <span class='ocrx_word' id='word_1_29' title='bbox 916 779 1037 859; x_wconf 73' lang='lat' dir='ltr'><strong>diligere</strong></span> <span class='ocrx_word' id='word_1_30' title='bbox 1060 781 1153 862; x_wconf 89' lang='lat' dir='ltr'><strong>coepi.</strong></span> 
     </span>
    </p>

    <p class='ocr_par' dir='ltr' id='par_1_3' title="bbox 327 891 2041 2670">
     <span class='ocr_line' id='line_1_5' title="bbox 472 891 2036 976; baseline -0.001 -17"><span class='ocrx_word' id='word_1_31' title='bbox 472 895 585 968; x_wconf 72' lang='lat' dir='ltr'><strong>taut</strong></span> <span class='ocrx_word' id='word_1_32' title='bbox 608 898 766 976; x_wconf 75' lang='lat' dir='ltr'><strong>pnltcrpent</strong></span> <span class='ocrx_word' id='word_1_33' title='bbox 792 895 877 974; x_wconf 79' lang='lat' dir='ltr'><strong>lonpo</strong></span> <span class='ocrx_word' id='word_1_34' title='bbox 899 895 1085 974; x_wconf 72' lang='lat' dir='ltr'><strong>experiente.</strong></span> <span class='ocrx_word' id='word_1_35' title='bbox 1131 895 1167 954; x_wconf 81' lang='lat' dir='ltr'><strong>nt</strong></span> <span class='ocrx_word' id='word_1_36' title='bbox 1190 891 1324 954; x_wconf 84' lang='lat' dir='ltr'><strong>Ritterus</strong></span> <span class='ocrx_word' id='word_1_37' title='bbox 1347 891 1447 972; x_wconf 82' lang='lat' dir='ltr'><strong>lonpne</strong></span> <span class='ocrx_word' id='word_1_38' title='bbox 1469 895 1675 974; x_wconf 64' lang='lat' dir='ltr'><strong>emperienn&#39;om</strong></span> <span class='ocrx_word' id='word_1_39' title='bbox 1707 912 1774 956; x_wconf 93' lang='lat' dir='ltr'><strong>nam</strong></span> <span class='ocrx_word' id='word_1_40' title='bbox 1803 895 1833 956; x_wconf 90' lang='lat' dir='ltr'><strong>in</strong></span> <span class='ocrx_word' id='word_1_41' title='bbox 1861 895 1960 957; x_wconf 88' lang='lat' dir='ltr'><strong>codice</strong></span> <span class='ocrx_word' id='word_1_42' title='bbox 1990 894 2036 958; x_wconf 93' lang='lat' dir='ltr'><strong>in·</strong></span> 
     </span>
     <span class='ocr_line' id='line_1_6' title="bbox 327 1004 2041 1090; baseline -0.002 -16"><span class='ocrx_word' id='word_1_43' title='bbox 327 1012 443 1076; x_wconf 87' lang='lat' dir='ltr'><strong>venisse</strong></span> <span class='ocrx_word' id='word_1_44' title='bbox 464 1029 496 1072; x_wconf 95' lang='lat' dir='ltr'><strong>se</strong></span> <span class='ocrx_word' id='word_1_45' title='bbox 519 1017 645 1072; x_wconf 88' lang='lat' dir='ltr'><strong>testatur</strong></span> <span class='ocrx_word' id='word_1_46' title='bbox 666 1006 747 1088; x_wconf 79' lang='lat' dir='ltr'><strong>lonqe</strong></span> <span class='ocrx_word' id='word_1_47' title='bbox 770 1009 949 1090; x_wconf 72' lang='lat' dir='ltr'><strong>experientia</strong></span> <span class='ocrx_word' id='word_1_48' title='bbox 970 1005 1057 1086; x_wconf 92' lang='lat' dir='ltr'><strong>eique</strong></span> <span class='ocrx_word' id='word_1_49' title='bbox 1084 1006 1255 1069; x_wconf 89' lang='lat' dir='ltr'><strong>testimonio</strong></span> <span class='ocrx_word' id='word_1_50' title='bbox 1287 1005 1410 1087; x_wconf 93' lang='lat' dir='ltr'><strong>apponit</strong></span> <span class='ocrx_word' id='word_1_51' title='bbox 1433 1004 1527 1080; x_wconf 86' lang='lat' dir='ltr'><strong>„sic“,</strong></span> <span class='ocrx_word' id='word_1_52' title='bbox 1560 1007 1701 1069; x_wconf 89' lang='lat' dir='ltr'><strong>nimirum</strong></span> <span class='ocrx_word' id='word_1_53' title='bbox 1733 1016 1766 1069; x_wconf 89' lang='lat' dir='ltr'><strong>ut</strong></span> <span class='ocrx_word' id='word_1_54' title='bbox 1789 1007 1954 1083; x_wconf 82' lang='lat' dir='ltr'><strong>baiterum,</strong></span> <span class='ocrx_word' id='word_1_55' title='bbox 1986 1008 2041 1089; x_wconf 87' lang='lat' dir='ltr'><strong>qul</strong></span> 
     </span>
     <span class='ocr_line' id='line_1_7' title="bbox 328 1106 2038 1202; baseline -0.001 -16"><span class='ocrx_word' id='word_1_56' title='bbox 328 1124 402 1186; x_wconf 89' lang='lat' dir='ltr'><strong>nihil</strong></span> <span class='ocrx_word' id='word_1_57' title='bbox 424 1125 627 1193; x_wconf 79' lang='lat' dir='ltr'><strong>adnotaverat,</strong></span> <span class='ocrx_word' id='word_1_58' title='bbox 661 1117 769 1182; x_wconf 90' lang='lat' dir='ltr'><strong>erroris</strong></span> <span class='ocrx_word' id='word_1_59' title='bbox 793 1106 988 1182; x_wconf 84' lang='lat' dir='ltr'><strong>convinceret</strong></span> <span class='ocrx_word' id='word_1_60' title='bbox 1035 1119 1073 1180; x_wconf 81' lang='lat' dir='ltr'><strong>tt</strong></span> <span class='ocrx_word' id='word_1_61' title='bbox 1095 1119 1217 1192; x_wconf 89' lang='lat' dir='ltr'><strong>(mirum</strong></span> <span class='ocrx_word' id='word_1_62' title='bbox 1241 1117 1334 1192; x_wconf 77' lang='lat' dir='ltr'><strong>dictul</strong></span> <span class='ocrx_word' id='word_1_63' title='bbox 1358 1119 1388 1180; x_wconf 94' lang='lat' dir='ltr'><strong>in</strong></span> <span class='ocrx_word' id='word_1_64' title='bbox 1410 1119 1510 1182; x_wconf 84' lang='lat' dir='ltr'><strong>codice</strong></span> <span class='ocrx_word' id='word_1_65' title='bbox 1533 1129 1634 1201; x_wconf 90' lang='lat' dir='ltr'><strong>aperte</strong></span> <span class='ocrx_word' id='word_1_66' title='bbox 1662 1121 1807 1202; x_wconf 88' lang='lat' dir='ltr'><strong>scriptum</strong></span> <span class='ocrx_word' id='word_1_67' title='bbox 1830 1132 1877 1185; x_wconf 89' lang='lat' dir='ltr'><strong>est</strong></span> <span class='ocrx_word' id='word_1_68' title='bbox 1900 1120 1948 1184; x_wconf 87' lang='lat' dir='ltr'><strong>lun</strong></span> <span class='ocrx_word' id='word_1_69' title='bbox 1976 1121 2038 1202; x_wconf 88' lang='lat' dir='ltr'><strong>(bic</strong></span> 
     </span>
     <span class='ocr_line' id='line_1_8' title="bbox 329 1229 2037 1316; baseline -0.001 -18"><span class='ocrx_word' id='word_1_70' title='bbox 329 1236 507 1300; x_wconf 90' lang='lat' dir='ltr'><strong>terminatur</strong></span> <span class='ocrx_word' id='word_1_71' title='bbox 530 1234 644 1306; x_wconf 73' lang='lat' dir='ltr'><strong>versus)</strong></span> <span class='ocrx_word' id='word_1_72' title='bbox 665 1251 704 1313; x_wconf 82' lang='lat' dir='ltr'><strong>pu</strong></span> <span class='ocrx_word' id='word_1_73' title='bbox 724 1234 909 1312; x_wconf 75' lang='lat' dir='ltr'><strong>emperientio.</strong></span> <span class='ocrx_word' id='word_1_74' title='bbox 955 1230 1056 1312; x_wconf 88' lang='lat' dir='ltr'><strong>Neque</strong></span> <span class='ocrx_word' id='word_1_75' title='bbox 1078 1231 1107 1293; x_wconf 93' lang='lat' dir='ltr'><strong>in</strong></span> <span class='ocrx_word' id='word_1_76' title='bbox 1131 1231 1187 1293; x_wconf 88' lang='lat' dir='ltr'><strong>hoc</strong></span> <span class='ocrx_word' id='word_1_77' title='bbox 1209 1229 1337 1292; x_wconf 78' lang='lat' dir='ltr'><strong>ablativo</strong></span> <span class='ocrx_word' id='word_1_78' title='bbox 1359 1231 1517 1312; x_wconf 87' lang='lat' dir='ltr'><strong>quiequam</strong></span> <span class='ocrx_word' id='word_1_79' title='bbox 1540 1241 1587 1294; x_wconf 89' lang='lat' dir='ltr'><strong>est</strong></span> <span class='ocrx_word' id='word_1_80' title='bbox 1614 1234 1692 1314; x_wconf 92' lang='lat' dir='ltr'><strong>quod</strong></span> <span class='ocrx_word' id='word_1_81' title='bbox 1716 1233 1877 1316; x_wconf 82' lang='lat' dir='ltr'><strong>displiceat.</strong></span> <span class='ocrx_word' id='word_1_82' title='bbox 1921 1234 1980 1296; x_wconf 87' lang='lat' dir='ltr'><strong>Sed</strong></span> <span class='ocrx_word' id='word_1_83' title='bbox 2003 1253 2037 1298; x_wconf 88' lang='lat' dir='ltr'><strong>sa</strong></span> 
     </span>
     <span class='ocr_line' id='line_1_9' title="bbox 329 1343 2035 1428; baseline -0.002 -16"><span class='ocrx_word' id='word_1_84' title='bbox 329 1367 375 1413; x_wconf 88' lang='lat' dir='ltr'><strong>res</strong></span> <span class='ocrx_word' id='word_1_85' title='bbox 398 1367 446 1410; x_wconf 87' lang='lat' dir='ltr'><strong>me</strong></span> <span class='ocrx_word' id='word_1_86' title='bbox 470 1348 621 1420; x_wconf 85' lang='lat' dir='ltr'><strong>admonet,</strong></span> <span class='ocrx_word' id='word_1_87' title='bbox 644 1355 678 1408; x_wconf 89' lang='lat' dir='ltr'><strong>ut</strong></span> <span class='ocrx_word' id='word_1_88' title='bbox 700 1364 738 1407; x_wconf 90' lang='lat' dir='ltr'><strong>ne</strong></span> <span class='ocrx_word' id='word_1_89' title='bbox 760 1345 803 1408; x_wconf 91' lang='lat' dir='ltr'><strong>eis</strong></span> <span class='ocrx_word' id='word_1_90' title='bbox 825 1343 945 1426; x_wconf 90' lang='lat' dir='ltr'><strong>quidem</strong></span> <span class='ocrx_word' id='word_1_91' title='bbox 967 1343 1073 1405; x_wconf 84' lang='lat' dir='ltr'><strong>llitteri</strong></span> <span class='ocrx_word' id='word_1_92' title='bbox 1096 1343 1277 1406; x_wconf 86' lang='lat' dir='ltr'><strong>testimoniis</strong></span> <span class='ocrx_word' id='word_1_93' title='bbox 1300 1343 1448 1417; x_wconf 89' lang='lat' dir='ltr'><strong>omnibus,</strong></span> <span class='ocrx_word' id='word_1_94' title='bbox 1470 1344 1577 1424; x_wconf 89' lang='lat' dir='ltr'><strong>quibus</strong></span> <span class='ocrx_word' id='word_1_95' title='bbox 1600 1346 1682 1420; x_wconf 87' lang='lat' dir='ltr'><strong>„sie“</strong></span> <span class='ocrx_word' id='word_1_96' title='bbox 1706 1346 1778 1408; x_wconf 92' lang='lat' dir='ltr'><strong>illud</strong></span> <span class='ocrx_word' id='word_1_97' title='bbox 1801 1347 1948 1428; x_wconf 91' lang='lat' dir='ltr'><strong>apposuit,</strong></span> <span class='ocrx_word' id='word_1_98' title='bbox 1971 1366 2035 1410; x_wconf 90' lang='lat' dir='ltr'><strong>cre·</strong></span> 
     </span>
     <span class='ocr_line' id='line_1_10' title="bbox 328 1455 2038 1540; baseline -0.002 -14"><span class='ocrx_word' id='word_1_99' title='bbox 328 1462 459 1526; x_wconf 85' lang='lat' dir='ltr'><strong>dandum</strong></span> <span class='ocrx_word' id='word_1_100' title='bbox 483 1479 547 1522; x_wconf 86' lang='lat' dir='ltr'><strong>esse</strong></span> <span class='ocrx_word' id='word_1_101' title='bbox 569 1459 698 1521; x_wconf 89' lang='lat' dir='ltr'><strong>doceam.</strong></span> <span class='ocrx_word' id='word_1_102' title='bbox 745 1459 831 1520; x_wconf 87' lang='lat' dir='ltr'><strong>Velut</strong></span> <span class='ocrx_word' id='word_1_103' title='bbox 855 1456 962 1530; x_wconf 79' lang='grc'>11123,</span> <span class='ocrx_word' id='word_1_104' title='bbox 983 1457 1020 1519; x_wconf 83' lang='lat'><strong>13</strong></span> <span class='ocrx_word' id='word_1_105' title='bbox 1043 1456 1073 1518; x_wconf 94' lang='lat' dir='ltr'><strong>in</strong></span> <span class='ocrx_word' id='word_1_106' title='bbox 1097 1457 1198 1519; x_wconf 91' lang='lat' dir='ltr'><strong>codice</strong></span> <span class='ocrx_word' id='word_1_107' title='bbox 1219 1455 1362 1537; x_wconf 89' lang='lat' dir='ltr'><strong>scriptum</strong></span> <span class='ocrx_word' id='word_1_108' title='bbox 1387 1475 1452 1520; x_wconf 87' lang='lat' dir='ltr'><strong>esse</strong></span> <span class='ocrx_word' id='word_1_109' title='bbox 1474 1457 1604 1520; x_wconf 85' lang='lat' dir='ltr'><strong>affirmat</strong></span> <span class='ocrx_word' id='word_1_110' title='bbox 1625 1462 1748 1540; x_wconf 71' lang='lat' dir='ltr'><strong>qnin&#39;nic</strong></span> <span class='ocrx_word' id='word_1_111' title='bbox 1772 1468 1802 1520; x_wconf 91' lang='lat' dir='ltr'><strong>at</strong></span> <span class='ocrx_word' id='word_1_112' title='bbox 1824 1459 1968 1540; x_wconf 91' lang='lat' dir='ltr'><strong>scriptum</strong></span> <span class='ocrx_word' id='word_1_113' title='bbox 1991 1471 2038 1523; x_wconf 87' lang='lat' dir='ltr'><strong>est</strong></span> 
     </span>
     <span class='ocr_line' id='line_1_11' title="bbox 330 1570 2036 1656; baseline 0.001 -19"><span class='ocrx_word' id='word_1_114' title='bbox 330 1575 434 1656; x_wconf 88' lang='lat' dir='ltr'><strong>(idque</strong></span> <span class='ocrx_word' id='word_1_115' title='bbox 455 1575 546 1650; x_wconf 87' lang='lat' dir='ltr'><strong>recte)</strong></span> <span class='ocrx_word' id='word_1_116' title='bbox 569 1575 702 1654; x_wconf 79' lang='lat' dir='ltr'><strong>quirinii3</strong></span> <span class='ocrx_word' id='word_1_117' title='bbox 725 1570 831 1644; x_wconf 81' lang='lat' dir='ltr'><strong>tttttt,</strong></span> <span class='ocrx_word' id='word_1_118' title='bbox 851 1571 885 1631; x_wconf 93' lang='grc'><strong>11</strong></span> <span class='ocrx_word' id='word_1_119' title='bbox 912 1570 1055 1650; x_wconf 88' lang='lat' dir='ltr'><strong>scriptum</strong></span> <span class='ocrx_word' id='word_1_120' title='bbox 1080 1579 1125 1632; x_wconf 90' lang='lat' dir='ltr'><strong>est</strong></span> <span class='ocrx_word' id='word_1_121' title='bbox 1148 1587 1208 1630; x_wconf 89' lang='lat' dir='ltr'><strong>nou</strong></span> <span class='ocrx_word' id='word_1_122' title='bbox 1232 1572 1416 1650; x_wconf 79' lang='lat' dir='ltr'><strong>corepiorinm,</strong></span> <span class='ocrx_word' id='word_1_123' title='bbox 1448 1581 1480 1633; x_wconf 92' lang='lat' dir='ltr'><strong>ut</strong></span> <span class='ocrx_word' id='word_1_124' title='bbox 1503 1571 1544 1632; x_wconf 89' lang='lat' dir='ltr'><strong>ait</strong></span> <span class='ocrx_word' id='word_1_125' title='bbox 1568 1571 1611 1646; x_wconf 80' lang='lat' dir='ltr'><strong>u,</strong></span> <span class='ocrx_word' id='word_1_126' title='bbox 1635 1572 1686 1633; x_wconf 92' lang='lat' dir='ltr'><strong>sed</strong></span> <span class='ocrx_word' id='word_1_127' title='bbox 1710 1573 1896 1652; x_wconf 83' lang='lat' dir='ltr'><strong>conplurium,</strong></span> <span class='ocrx_word' id='word_1_128' title='bbox 1920 1573 1955 1635; x_wconf 84' lang='lat' dir='ltr'><strong>tt</strong></span> <span class='ocrx_word' id='word_1_129' title='bbox 1972 1573 2036 1645; x_wconf 72' lang='lat' dir='ltr'><strong>ab</strong></span> 
     </span>
     <span class='ocr_line' id='line_1_12' title="bbox 333 1683 2036 1770; baseline -0.002 -19"><span class='ocrx_word' id='word_1_130' title='bbox 333 1707 394 1751; x_wconf 92' lang='lat' dir='ltr'><strong>non</strong></span> <span class='ocrx_word' id='word_1_131' title='bbox 414 1689 551 1770; x_wconf 69' lang='lat' dir='ltr'><strong>precium,</strong></span> <span class='ocrx_word' id='word_1_132' title='bbox 574 1685 624 1748; x_wconf 90' lang='lat' dir='ltr'><strong>sed</strong></span> <span class='ocrx_word' id='word_1_133' title='bbox 643 1688 800 1768; x_wconf 72' lang='lat' dir='ltr'><strong>praedm,</strong></span> <span class='ocrx_word' id='word_1_134' title='bbox 825 1683 905 1758; x_wconf 81' lang='lat' dir='ltr'><strong>vlu,</strong></span> <span class='ocrx_word' id='word_1_135' title='bbox 924 1683 962 1746; x_wconf 88' lang='grc'><strong>13</strong></span> <span class='ocrx_word' id='word_1_136' title='bbox 985 1701 1047 1746; x_wconf 92' lang='lat' dir='ltr'><strong>uon</strong></span> <span class='ocrx_word' id='word_1_137' title='bbox 1070 1693 1390 1765; x_wconf 83' lang='lat' dir='ltr'><strong>contremuerantque,</strong></span> <span class='ocrx_word' id='word_1_138' title='bbox 1418 1683 1470 1745; x_wconf 88' lang='lat' dir='ltr'><strong>sed</strong></span> <span class='ocrx_word' id='word_1_139' title='bbox 1498 1695 1728 1747; x_wconf 85' lang='lat' dir='ltr'><strong>contremuerunt</strong></span> <span class='ocrx_word' id='word_1_140' title='bbox 1750 1705 1821 1768; x_wconf 83' lang='lat' dir='ltr'><strong>qavne</strong></span> <span class='ocrx_word' id='word_1_141' title='bbox 1844 1691 2036 1768; x_wconf 89' lang='lat' dir='ltr'><strong>(quamquam</strong></span> 
     </span>
     <span class='ocr_line' id='line_1_13' title="bbox 333 1794 2037 1880; baseline -0.001 -16"><span class='ocrx_word' id='word_1_142' title='bbox 333 1801 463 1864; x_wconf 85' lang='lat' dir='ltr'><strong>alittera</strong></span> <span class='ocrx_word' id='word_1_143' title='bbox 486 1809 610 1880; x_wconf 92' lang='lat' dir='ltr'><strong>utroque</strong></span> <span class='ocrx_word' id='word_1_144' title='bbox 626 1799 691 1860; x_wconf 93' lang='lat' dir='ltr'><strong>loco</strong></span> <span class='ocrx_word' id='word_1_145' title='bbox 708 1807 874 1860; x_wconf 88' lang='lat' dir='ltr'><strong>transversa</strong></span> <span class='ocrx_word' id='word_1_146' title='bbox 897 1797 974 1858; x_wconf 91' lang='lat' dir='ltr'><strong>linea</strong></span> <span class='ocrx_word' id='word_1_147' title='bbox 997 1795 1091 1859; x_wconf 87' lang='lat' dir='ltr'><strong>deleta</strong></span> <span class='ocrx_word' id='word_1_148' title='bbox 1114 1794 1186 1876; x_wconf 71' lang='grc' dir='ltr'>εει),</span> <span class='ocrx_word' id='word_1_149' title='bbox 1208 1805 1238 1858; x_wconf 88' lang='lat' dir='ltr'><strong>et</strong></span> <span class='ocrx_word' id='word_1_150' title='bbox 1258 1795 1289 1857; x_wconf 92' lang='lat' dir='ltr'><strong>in</strong></span> <span class='ocrx_word' id='word_1_151' title='bbox 1312 1796 1405 1860; x_wconf 90' lang='lat' dir='ltr'><strong>altero</strong></span> <span class='ocrx_word' id='word_1_152' title='bbox 1428 1795 1558 1858; x_wconf 88' lang='lat' dir='ltr'><strong>lledioeo</strong></span> <span class='ocrx_word' id='word_1_153' title='bbox 1581 1796 1633 1859; x_wconf 91' lang='lat' dir='ltr'><strong>llll</strong></span> <span class='ocrx_word' id='word_1_154' title='bbox 1653 1798 1678 1870; x_wconf 89' lang='lat' dir='ltr'><strong>l,</strong></span> <span class='ocrx_word' id='word_1_155' title='bbox 1698 1799 1712 1859; x_wconf 93' lang='grc'>1</span> <span class='ocrx_word' id='word_1_156' title='bbox 1738 1814 1797 1859; x_wconf 89' lang='lat' dir='ltr'><strong>nen</strong></span> <span class='ocrx_word' id='word_1_157' title='bbox 1813 1797 1872 1871; x_wconf 83' lang='lat' dir='ltr'><strong>ede,</strong></span> <span class='ocrx_word' id='word_1_158' title='bbox 1894 1799 1946 1861; x_wconf 89' lang='lat' dir='ltr'><strong>sed</strong></span> <span class='ocrx_word' id='word_1_159' title='bbox 1962 1800 2037 1874; x_wconf 90' lang='lat' dir='ltr'><strong>cede,</strong></span> 
     </span>
     <span class='ocr_line' id='line_1_14' title="bbox 332 1907 2036 1988; baseline -0.001 -12"><span class='ocrx_word' id='word_1_160' title='bbox 332 1913 386 1976; x_wconf 84' lang='lat' dir='ltr'><strong>llll</strong></span> <span class='ocrx_word' id='word_1_161' title='bbox 402 1911 489 1988; x_wconf 85' lang='grc'>65,9</span> <span class='ocrx_word' id='word_1_162' title='bbox 512 1929 573 1973; x_wconf 91' lang='lat' dir='ltr'><strong>non</strong></span> <span class='ocrx_word' id='word_1_163' title='bbox 595 1912 764 1980; x_wconf 82' lang='lat' dir='ltr'><strong>britannico,</strong></span> <span class='ocrx_word' id='word_1_164' title='bbox 786 1908 969 1984; x_wconf 69' lang='lat' dir='ltr'><strong>seddritthic</strong></span> <span class='ocrx_word' id='word_1_165' title='bbox 986 1926 1087 1970; x_wconf 88' lang='lat' dir='ltr'><strong>versus</strong></span> <span class='ocrx_word' id='word_1_166' title='bbox 1103 1908 1419 1984; x_wconf 85' lang='lat' dir='ltr'><strong>terminatur)tnnnico,</strong></span> <span class='ocrx_word' id='word_1_167' title='bbox 1441 1907 1508 1970; x_wconf 86' lang='lat' dir='ltr'><strong>Xlll</strong></span> <span class='ocrx_word' id='word_1_168' title='bbox 1525 1907 1572 1980; x_wconf 86' lang='grc'><strong>10,</strong></span> <span class='ocrx_word' id='word_1_169' title='bbox 1590 1913 1608 1971; x_wconf 85' lang='grc'><strong>4</strong></span> <span class='ocrx_word' id='word_1_170' title='bbox 1634 1927 1693 1971; x_wconf 91' lang='lat' dir='ltr'><strong>nou</strong></span> <span class='ocrx_word' id='word_1_171' title='bbox 1716 1915 1874 1982; x_wconf 76' lang='lat' dir='ltr'><strong>pervenisset,</strong></span> <span class='ocrx_word' id='word_1_172' title='bbox 1896 1911 1945 1973; x_wconf 90' lang='lat' dir='ltr'><strong>sed</strong></span> <span class='ocrx_word' id='word_1_173' title='bbox 1970 1931 2036 1974; x_wconf 87' lang='lat' dir='ltr'><strong>cen·</strong></span> 
     </span>
     <span class='ocr_line' id='line_1_15' title="bbox 332 2018 2037 2105; baseline -0.002 -15"><span class='ocrx_word' id='word_1_174' title='bbox 332 2030 431 2090; x_wconf 73' lang='lat' dir='ltr'><strong>mosset</strong></span> <span class='ocrx_word' id='word_1_175' title='bbox 453 2024 638 2105; x_wconf 85' lang='lat' dir='ltr'><strong>supraposita</strong></span> <span class='ocrx_word' id='word_1_176' title='bbox 662 2024 693 2084; x_wconf 92' lang='lat' dir='ltr'><strong>iu</strong></span> <span class='ocrx_word' id='word_1_177' title='bbox 709 2022 768 2084; x_wconf 92' lang='lat' dir='ltr'><strong>line</strong></span> <span class='ocrx_word' id='word_1_178' title='bbox 790 2021 922 2084; x_wconf 84' lang='lat' dir='ltr'><strong>vocabuli</strong></span> <span class='ocrx_word' id='word_1_179' title='bbox 944 2021 1042 2084; x_wconf 90' lang='lat' dir='ltr'><strong>littera</strong></span> <span class='ocrx_word' id='word_1_180' title='bbox 1065 2021 1161 2101; x_wconf 82' lang='lat' dir='ltr'><strong>exigui</strong></span> <span class='ocrx_word' id='word_1_181' title='bbox 1184 2018 1321 2093; x_wconf 89' lang='lat' dir='ltr'><strong>ambitus,</strong></span> <span class='ocrx_word' id='word_1_182' title='bbox 1345 2039 1419 2101; x_wconf 89' lang='lat' dir='ltr'><strong>quae</strong></span> <span class='ocrx_word' id='word_1_183' title='bbox 1442 2020 1514 2082; x_wconf 91' lang='lat' dir='ltr'><strong>mihi</strong></span> <span class='ocrx_word' id='word_1_184' title='bbox 1534 2020 1688 2084; x_wconf 90' lang='lat' dir='ltr'><strong>videbatur</strong></span> <span class='ocrx_word' id='word_1_185' title='bbox 1710 2042 1812 2085; x_wconf 88' lang='lat' dir='ltr'><strong>essen</strong></span> <span class='ocrx_word' id='word_1_186' title='bbox 1833 2022 1925 2104; x_wconf 84' lang='lat' dir='ltr'><strong>(certo</strong></span> <span class='ocrx_word' id='word_1_187' title='bbox 1948 2023 2037 2087; x_wconf 90' lang='lat' dir='ltr'><strong>libra-</strong></span> 
     </span>
     <span class='ocr_line' id='line_1_16' title="bbox 333 2131 2036 2220; baseline -0.001 -18"><span class='ocrx_word' id='word_1_188' title='bbox 333 2140 397 2202; x_wconf 88' lang='lat' dir='ltr'><strong>rius</strong></span> <span class='ocrx_word' id='word_1_189' title='bbox 413 2138 475 2220; x_wconf 89' lang='lat' dir='ltr'><strong>ipse</strong></span> <span class='ocrx_word' id='word_1_190' title='bbox 490 2155 554 2198; x_wconf 89' lang='lat' dir='ltr'><strong>eam</strong></span> <span class='ocrx_word' id='word_1_191' title='bbox 572 2133 672 2218; x_wconf 89' lang='lat' dir='ltr'><strong>posuit</strong></span> <span class='ocrx_word' id='word_1_192' title='bbox 688 2153 729 2206; x_wconf 87' lang='lat' dir='ltr'><strong>ao,</strong></span> <span class='ocrx_word' id='word_1_193' title='bbox 753 2134 777 2196; x_wconf 88' lang='lat' dir='ltr'><strong>si</strong></span> <span class='ocrx_word' id='word_1_194' title='bbox 793 2143 837 2195; x_wconf 89' lang='lat' dir='ltr'><strong>est</strong></span> <span class='ocrx_word' id='word_1_195' title='bbox 852 2153 882 2204; x_wconf 82' lang='lat' dir='ltr'><strong>n,</strong></span> <span class='ocrx_word' id='word_1_196' title='bbox 906 2151 1047 2206; x_wconf 88' lang='lat' dir='ltr'><strong>errorem,</strong></span> <span class='ocrx_word' id='word_1_197' title='bbox 1073 2151 1161 2213; x_wconf 89' lang='lat' dir='ltr'><strong>quem</strong></span> <span class='ocrx_word' id='word_1_198' title='bbox 1178 2132 1347 2204; x_wconf 86' lang='lat' dir='ltr'><strong>admiserat,</strong></span> <span class='ocrx_word' id='word_1_199' title='bbox 1367 2131 1606 2213; x_wconf 73' lang='lat' dir='ltr'><strong>benemerendi),</strong></span> <span class='ocrx_word' id='word_1_200' title='bbox 1629 2133 1678 2196; x_wconf 88' lang='lat' dir='ltr'><strong>XV</strong></span> <span class='ocrx_word' id='word_1_201' title='bbox 1695 2134 1744 2210; x_wconf 80' lang='lat'><strong>47,</strong></span> <span class='ocrx_word' id='word_1_202' title='bbox 1764 2137 1777 2198; x_wconf 94' lang='grc'>1</span> <span class='ocrx_word' id='word_1_203' title='bbox 1797 2154 1856 2197; x_wconf 94' lang='lat' dir='ltr'><strong>non</strong></span> <span class='ocrx_word' id='word_1_204' title='bbox 1872 2136 2036 2218; x_wconf 78' lang='lat' dir='ltr'><strong>culpentur,</strong></span> 
     </span>
     <span class='ocr_line' id='line_1_17' title="bbox 331 2243 2036 2331; baseline 0 -18"><span class='ocrx_word' id='word_1_205' title='bbox 331 2252 383 2314; x_wconf 85' lang='lat' dir='ltr'><strong>sed</strong></span> <span class='ocrx_word' id='word_1_206' title='bbox 406 2248 573 2331; x_wconf 59' lang='lat' dir='ltr'><strong>culpantem</strong></span> <span class='ocrx_word' id='word_1_207' title='bbox 607 2247 686 2322; x_wconf 82' lang='lat' dir='ltr'><strong>70,l</strong></span> <span class='ocrx_word' id='word_1_208' title='bbox 716 2248 748 2309; x_wconf 93' lang='lat' dir='ltr'><strong>in</strong></span> <span class='ocrx_word' id='word_1_209' title='bbox 770 2247 877 2308; x_wconf 90' lang='lat' dir='ltr'><strong>litteris</strong></span> <span class='ocrx_word' id='word_1_210' title='bbox 902 2247 948 2310; x_wconf 78' lang='lat' dir='ltr'><strong>lin</strong></span> <span class='ocrx_word' id='word_1_211' title='bbox 969 2243 1098 2308; x_wconf 83' lang='lat' dir='ltr'><strong>immone</strong></span> <span class='ocrx_word' id='word_1_212' title='bbox 1121 2245 1182 2323; x_wconf 82' lang='lat' dir='ltr'><strong>(hic</strong></span> <span class='ocrx_word' id='word_1_213' title='bbox 1205 2251 1249 2306; x_wconf 86' lang='lat' dir='ltr'><strong>est</strong></span> <span class='ocrx_word' id='word_1_214' title='bbox 1271 2244 1339 2305; x_wconf 85' lang='lat' dir='ltr'><strong>finis</strong></span> <span class='ocrx_word' id='word_1_215' title='bbox 1362 2249 1477 2318; x_wconf 73' lang='lat' dir='ltr'><strong>versus)</strong></span> <span class='ocrx_word' id='word_1_216' title='bbox 1505 2265 1545 2308; x_wconf 87' lang='lat' dir='ltr'><strong>no</strong></span> <span class='ocrx_word' id='word_1_217' title='bbox 1566 2257 1592 2309; x_wconf 87' lang='lat' dir='ltr'><strong>et</strong></span> <span class='ocrx_word' id='word_1_218' title='bbox 1615 2247 1645 2309; x_wconf 93' lang='lat' dir='ltr'><strong>in</strong></span> <span class='ocrx_word' id='word_1_219' title='bbox 1669 2247 1726 2310; x_wconf 87' lang='lat' dir='ltr'><strong>line</strong></span> <span class='ocrx_word' id='word_1_220' title='bbox 1750 2265 1851 2311; x_wconf 90' lang='lat' dir='ltr'><strong>versus</strong></span> <span class='ocrx_word' id='word_1_221' title='bbox 1873 2267 1888 2311; x_wconf 93' lang='lat' dir='ltr'><strong>e</strong></span> <span class='ocrx_word' id='word_1_222' title='bbox 1911 2249 2036 2314; x_wconf 78' lang='lat' dir='ltr'><strong>litteram</strong></span> 
     </span>
     <span class='ocr_line' id='line_1_18' title="bbox 333 2355 2038 2444; baseline -0.001 -17"><span class='ocrx_word' id='word_1_223' title='bbox 333 2365 383 2444; x_wconf 88' lang='lat' dir='ltr'><strong>(ab</strong></span> <span class='ocrx_word' id='word_1_224' title='bbox 405 2364 470 2444; x_wconf 87' lang='lat' dir='ltr'><strong>ipsu</strong></span> <span class='ocrx_word' id='word_1_225' title='bbox 492 2361 620 2436; x_wconf 89' lang='lat' dir='ltr'><strong>librario,</strong></span> <span class='ocrx_word' id='word_1_226' title='bbox 644 2371 680 2424; x_wconf 87' lang='lat' dir='ltr'><strong>ut</strong></span> <span class='ocrx_word' id='word_1_227' title='bbox 700 2361 826 2437; x_wconf 86' lang='lat' dir='ltr'><strong>videtur)</strong></span> <span class='ocrx_word' id='word_1_228' title='bbox 851 2357 981 2421; x_wconf 83' lang='lat' dir='ltr'><strong>Ritterus</strong></span> <span class='ocrx_word' id='word_1_229' title='bbox 1004 2375 1064 2420; x_wconf 94' lang='lat' dir='ltr'><strong>uon</strong></span> <span class='ocrx_word' id='word_1_230' title='bbox 1094 2358 1165 2419; x_wconf 93' lang='lat' dir='ltr'><strong>vidit</strong></span> <span class='ocrx_word' id='word_1_231' title='bbox 1187 2355 1302 2420; x_wconf 89' lang='lat' dir='ltr'><strong>duabus</strong></span> <span class='ocrx_word' id='word_1_232' title='bbox 1324 2357 1410 2420; x_wconf 91' lang='lat' dir='ltr'><strong>lineis</strong></span> <span class='ocrx_word' id='word_1_233' title='bbox 1433 2370 1512 2422; x_wconf 90' lang='lat' dir='ltr'><strong>recte</strong></span> <span class='ocrx_word' id='word_1_234' title='bbox 1528 2359 1653 2422; x_wconf 88' lang='lat' dir='ltr'><strong>deletam</strong></span> <span class='ocrx_word' id='word_1_235' title='bbox 1678 2379 1742 2422; x_wconf 90' lang='lat' dir='ltr'><strong>esse</strong></span> <span class='ocrx_word' id='word_1_236' title='bbox 1765 2361 1848 2440; x_wconf 91' lang='lat' dir='ltr'><strong>(nam</strong></span> <span class='ocrx_word' id='word_1_237' title='bbox 1865 2361 1927 2442; x_wconf 87' lang='lat' dir='ltr'><strong>ipse</strong></span> <span class='ocrx_word' id='word_1_238' title='bbox 1950 2363 2038 2425; x_wconf 86' lang='lat' dir='ltr'><strong>resti-</strong></span> 
     </span>
     <span class='ocr_line' id='line_1_19' title="bbox 335 2469 2037 2556; baseline -0.003 -15"><span class='ocrx_word' id='word_1_239' title='bbox 335 2477 394 2541; x_wconf 91' lang='lat' dir='ltr'><strong>tuit</strong></span> <span class='ocrx_word' id='word_1_240' title='bbox 417 2477 503 2538; x_wconf 79' lang='lat' dir='ltr'><strong>Enim</strong></span> <span class='ocrx_word' id='word_1_241' title='bbox 525 2471 654 2552; x_wconf 76' lang='lat' dir='ltr'><strong>Annaei).</strong></span> <span class='ocrx_word' id='word_1_242' title='bbox 700 2473 812 2535; x_wconf 83' lang='lat' dir='ltr'><strong>Herum</strong></span> <span class='ocrx_word' id='word_1_243' title='bbox 837 2471 976 2552; x_wconf 91' lang='lat' dir='ltr'><strong>pleraque</strong></span> <span class='ocrx_word' id='word_1_244' title='bbox 998 2480 1079 2533; x_wconf 89' lang='lat' dir='ltr'><strong>recte</strong></span> <span class='ocrx_word' id='word_1_245' title='bbox 1096 2471 1204 2549; x_wconf 80' lang='lat' dir='ltr'><strong>legerat</strong></span> <span class='ocrx_word' id='word_1_246' title='bbox 1222 2469 1366 2542; x_wconf 69' lang='lat' dir='ltr'><strong>patrenus,</strong></span> <span class='ocrx_word' id='word_1_247' title='bbox 1388 2469 1439 2551; x_wconf 94' lang='lat' dir='ltr'><strong>qui</strong></span> <span class='ocrx_word' id='word_1_248' title='bbox 1460 2481 1530 2551; x_wconf 87' lang='lat' dir='ltr'><strong>post</strong></span> <span class='ocrx_word' id='word_1_249' title='bbox 1551 2490 1619 2534; x_wconf 92' lang='lat' dir='ltr'><strong>eum</strong></span> <span class='ocrx_word' id='word_1_250' title='bbox 1642 2471 1763 2534; x_wconf 88' lang='lat' dir='ltr'><strong>eosdem</strong></span> <span class='ocrx_word' id='word_1_251' title='bbox 1786 2473 1874 2536; x_wconf 92' lang='lat' dir='ltr'><strong>libros</strong></span> <span class='ocrx_word' id='word_1_252' title='bbox 1897 2474 2037 2556; x_wconf 84' lang='lat' dir='ltr'><strong>inspexit,</strong></span> 
     </span>
     <span class='ocr_line' id='line_1_20' title="bbox 333 2582 1642 2670; baseline -0.005 -18"><span class='ocrx_word' id='word_1_253' title='bbox 333 2609 367 2652; x_wconf 90' lang='lat' dir='ltr'><strong>eo</strong></span> <span class='ocrx_word' id='word_1_254' title='bbox 391 2589 456 2670; x_wconf 91' lang='lat' dir='ltr'><strong>ipso</strong></span> <span class='ocrx_word' id='word_1_255' title='bbox 479 2595 624 2668; x_wconf 89' lang='lat' dir='ltr'><strong>tempore,</strong></span> <span class='ocrx_word' id='word_1_256' title='bbox 647 2603 714 2648; x_wconf 91' lang='lat' dir='ltr'><strong>cum</strong></span> <span class='ocrx_word' id='word_1_257' title='bbox 739 2585 815 2647; x_wconf 92' lang='lat' dir='ltr'><strong>illius</strong></span> <span class='ocrx_word' id='word_1_258' title='bbox 838 2600 955 2646; x_wconf 90' lang='lat' dir='ltr'><strong>errores</strong></span> <span class='ocrx_word' id='word_1_259' title='bbox 977 2604 993 2646; x_wconf 92' lang='lat' dir='ltr'><strong>a</strong></span> <span class='ocrx_word' id='word_1_260' title='bbox 1016 2602 1048 2644; x_wconf 84' lang='lat' dir='ltr'><strong>se</strong></span> <span class='ocrx_word' id='word_1_261' title='bbox 1071 2583 1177 2661; x_wconf 85' lang='lat' dir='ltr'><strong>corrigi</strong></span> <span class='ocrx_word' id='word_1_262' title='bbox 1202 2582 1400 2663; x_wconf 87' lang='lat' dir='ltr'><strong>profiteretur,</strong></span> <span class='ocrx_word' id='word_1_263' title='bbox 1424 2583 1494 2646; x_wconf 86' lang='lat' dir='ltr'><strong>falsa</strong></span> <span class='ocrx_word' id='word_1_264' title='bbox 1516 2584 1642 2657; x_wconf 90' lang='lat' dir='ltr'><strong>rettulit,</strong></span> 
     </span>
    </p>

    <p class='ocr_par' dir='ltr' id='par_1_4' title="bbox 333 2695 2038 4243">
     <span class='ocr_line' id='line_1_21' title="bbox 478 2695 2036 2780; baseline 0 -18"><span class='ocrx_word' id='word_1_265' title='bbox 478 2697 556 2773; x_wconf 80' lang='lat'><strong>162,</strong></span> <span class='ocrx_word' id='word_1_266' title='bbox 575 2701 590 2760; x_wconf 86' lang='lat'>1</span> <span class='ocrx_word' id='word_1_267' title='bbox 615 2697 707 2780; x_wconf 83' lang='lat' dir='ltr'><strong>Ipitnr</strong></span> <span class='ocrx_word' id='word_1_268' title='bbox 722 2697 868 2761; x_wconf 81' lang='lat' dir='ltr'><strong>llornonns</strong></span> <span class='ocrx_word' id='word_1_269' title='bbox 890 2701 940 2777; x_wconf 88' lang='lat' dir='ltr'><strong>qni</strong></span> <span class='ocrx_word' id='word_1_270' title='bbox 958 2697 1060 2759; x_wconf 86' lang='lat' dir='ltr'><strong>oderat</strong></span> <span class='ocrx_word' id='word_1_271' title='bbox 1075 2700 1216 2759; x_wconf 80' lang='lat' dir='ltr'><strong>enercitan</strong></span> <span class='ocrx_word' id='word_1_272' title='bbox 1236 2707 1350 2760; x_wconf 82' lang='lat' dir='ltr'><strong>centnm</strong></span> <span class='ocrx_word' id='word_1_273' title='bbox 1364 2707 1426 2778; x_wconf 86' lang='lat' dir='ltr'><strong>post</strong></span> <span class='ocrx_word' id='word_1_274' title='bbox 1448 2695 1536 2760; x_wconf 83' lang='lat' dir='ltr'><strong>clodis</strong></span> <span class='ocrx_word' id='word_1_275' title='bbox 1559 2715 1669 2760; x_wconf 85' lang='lat' dir='ltr'><strong>onnnm</strong></span> <span class='ocrx_word' id='word_1_276' title='bbox 1690 2702 1777 2760; x_wconf 84' lang='lat' dir='ltr'><strong>trium</strong></span> <span class='ocrx_word' id='word_1_277' title='bbox 1801 2695 1942 2778; x_wconf 78' lang='lat' dir='ltr'><strong>leqa&#39;onnne</strong></span> <span class='ocrx_word' id='word_1_278' title='bbox 1964 2715 2036 2772; x_wconf 82' lang='lat' dir='ltr'><strong>ceco,</strong></span> 
     </span>
     <span class='ocr_line' id='line_1_22' title="bbox 335 2808 2038 2894; baseline -0.002 -17"><span class='ocrx_word' id='word_1_279' title='bbox 335 2813 416 2877; x_wconf 88' lang='lat' dir='ltr'><strong>nullo</strong></span> <span class='ocrx_word' id='word_1_280' title='bbox 434 2823 573 2882; x_wconf 76' lang='lat' dir='ltr'><strong>normate,</strong></span> <span class='ocrx_word' id='word_1_281' title='bbox 595 2811 705 2875; x_wconf 84' lang='lat' dir='ltr'><strong>alienas</strong></span> <span class='ocrx_word' id='word_1_282' title='bbox 718 2810 854 2894; x_wconf 83' lang='lat' dir='ltr'><strong>reliquias</strong></span> <span class='ocrx_word' id='word_1_283' title='bbox 869 2827 909 2870; x_wconf 89' lang='lat' dir='ltr'><strong>nn</strong></span> <span class='ocrx_word' id='word_1_284' title='bbox 923 2826 1041 2872; x_wconf 79' lang='lat' dir='ltr'><strong>sumum</strong></span> <span class='ocrx_word' id='word_1_285' title='bbox 1056 2808 1141 2870; x_wconf 83' lang='lat' dir='ltr'><strong>burno</strong></span> <span class='ocrx_word' id='word_1_286' title='bbox 1162 2819 1273 2890; x_wconf 85' lang='lat' dir='ltr'><strong>teperet,</strong></span> <span class='ocrx_word' id='word_1_287' title='bbox 1296 2827 1391 2872; x_wconf 88' lang='lat' dir='ltr'><strong>omnes</strong></span> <span class='ocrx_word' id='word_1_288' title='bbox 1413 2819 1444 2871; x_wconf 88' lang='lat' dir='ltr'><strong>nt</strong></span> <span class='ocrx_word' id='word_1_289' title='bbox 1467 2813 1635 2882; x_wconf 84' lang='lat' dir='ltr'><strong>conr&#39;nnctoa,</strong></span> <span class='ocrx_word' id='word_1_290' title='bbox 1658 2822 1690 2872; x_wconf 86' lang='lat' dir='ltr'><strong>nt</strong></span> <span class='ocrx_word' id='word_1_291' title='bbox 1711 2814 1933 2892; x_wconf 84' lang='lat' dir='ltr'><strong>consonpuinens</strong></span> <span class='ocrx_word' id='word_1_292' title='bbox 1953 2822 2038 2874; x_wconf 86' lang='lat' dir='ltr'><strong>uncto</strong></span> 
     </span>
     <span class='ocr_line' id='line_1_23' title="bbox 333 2920 2036 3004; baseline -0.002 -15"><span class='ocrx_word' id='word_1_293' title='bbox 333 2931 365 2990; x_wconf 85' lang='lat' dir='ltr'><strong>in</strong></span> <span class='ocrx_word' id='word_1_294' title='bbox 385 2926 489 2988; x_wconf 85' lang='lat' dir='ltr'><strong>boetem</strong></span> <span class='ocrx_word' id='word_1_295' title='bbox 510 2929 557 2986; x_wconf 89' lang='lat' dir='ltr'><strong>irc</strong></span> <span class='ocrx_word' id='word_1_296' title='bbox 578 2929 680 2986; x_wconf 85' lang='lat' dir='ltr'><strong>moesti</strong></span> <span class='ocrx_word' id='word_1_297' title='bbox 707 2922 793 2986; x_wconf 78' lang='lat' dir='ltr'><strong>ninnl</strong></span> <span class='ocrx_word' id='word_1_298' title='bbox 814 2933 841 2985; x_wconf 88' lang='lat' dir='ltr'><strong>ct</strong></span> <span class='ocrx_word' id='word_1_299' title='bbox 862 2924 971 3003; x_wconf 70' lang='lat' dir='ltr'><strong>infensi</strong></span> <span class='ocrx_word' id='word_1_300' title='bbox 989 2922 1154 2984; x_wconf 59' lang='lat' dir='ltr'><strong>condiant.</strong></span> <span class='ocrx_word' id='word_1_301' title='bbox 1198 2921 1242 2983; x_wconf 91' lang='lat' dir='ltr'><strong>lbi</strong></span> <span class='ocrx_word' id='word_1_302' title='bbox 1257 2921 1345 2984; x_wconf 88' lang='lat' dir='ltr'><strong>verba</strong></span> <span class='ocrx_word' id='word_1_303' title='bbox 1367 2920 1516 2984; x_wconf 80' lang='lat' dir='ltr'><strong>Romanus</strong></span> <span class='ocrx_word' id='word_1_304' title='bbox 1537 2927 1587 3004; x_wconf 86' lang='lat' dir='ltr'><strong>qui</strong></span> <span class='ocrx_word' id='word_1_305' title='bbox 1607 2922 1708 2986; x_wconf 88' lang='lat' dir='ltr'><strong>ederet</strong></span> <span class='ocrx_word' id='word_1_306' title='bbox 1728 2927 1870 2987; x_wconf 73' lang='lat' dir='ltr'><strong>cenetens</strong></span> <span class='ocrx_word' id='word_1_307' title='bbox 1893 2943 1928 2985; x_wconf 89' lang='lat' dir='ltr'><strong>ex</strong></span> <span class='ocrx_word' id='word_1_308' title='bbox 1951 2923 2036 2986; x_wconf 90' lang='lat' dir='ltr'><strong>initio</strong></span> 
     </span>
     <span class='ocr_line' id='line_1_24' title="bbox 335 3031 2036 3121; baseline -0.002 -20"><span class='ocrx_word' id='word_1_309' title='bbox 335 3038 539 3121; x_wconf 86' lang='lat' dir='ltr'><strong>praecedentis</strong></span> <span class='ocrx_word' id='word_1_310' title='bbox 563 3037 665 3118; x_wconf 87' lang='lat' dir='ltr'><strong>eapitis</strong></span> <span class='ocrx_word' id='word_1_311' title='bbox 698 3035 790 3117; x_wconf 80' lang='lat' dir='ltr'><strong>(oanni</strong></span> <span class='ocrx_word' id='word_1_312' title='bbox 808 3039 859 3117; x_wconf 87' lang='lat' dir='ltr'><strong>qni</strong></span> <span class='ocrx_word' id='word_1_313' title='bbox 879 3036 980 3098; x_wconf 83' lang='lat' dir='ltr'><strong>oderat</strong></span> <span class='ocrx_word' id='word_1_314' title='bbox 1001 3031 1144 3114; x_wconf 80' lang='lat' dir='ltr'><strong>enercitn)</strong></span> <span class='ocrx_word' id='word_1_315' title='bbox 1177 3035 1301 3115; x_wconf 90' lang='lat' dir='ltr'><strong>repetita</strong></span> <span class='ocrx_word' id='word_1_316' title='bbox 1332 3033 1366 3097; x_wconf 90' lang='lat' dir='ltr'><strong>ad</strong></span> <span class='ocrx_word' id='word_1_317' title='bbox 1391 3044 1543 3116; x_wconf 89' lang='lat' dir='ltr'><strong>poetarum</strong></span> <span class='ocrx_word' id='word_1_318' title='bbox 1567 3035 1724 3118; x_wconf 76' lang='lat' dir='ltr'><strong>lyricorum</strong></span> <span class='ocrx_word' id='word_1_319' title='bbox 1749 3054 1862 3098; x_wconf 89' lang='lat' dir='ltr'><strong>morem</strong></span> <span class='ocrx_word' id='word_1_320' title='bbox 1886 3036 2036 3118; x_wconf 91' lang='lat' dir='ltr'><strong>quendam</strong></span> 
     </span>
     <span class='ocr_line' id='line_1_25' title="bbox 336 3147 2038 3232; baseline -0.001 -19"><span class='ocrx_word' id='word_1_321' title='bbox 336 3151 412 3214; x_wconf 89' lang='lat' dir='ltr'><strong>bene</strong></span> <span class='ocrx_word' id='word_1_322' title='bbox 435 3150 507 3212; x_wconf 87' lang='lat' dir='ltr'><strong>mihi</strong></span> <span class='ocrx_word' id='word_1_323' title='bbox 530 3149 723 3232; x_wconf 88' lang='lat' dir='ltr'><strong>Nipperdeius</strong></span> <span class='ocrx_word' id='word_1_324' title='bbox 746 3147 895 3211; x_wconf 89' lang='lat' dir='ltr'><strong>rettulisse</strong></span> <span class='ocrx_word' id='word_1_325' title='bbox 917 3149 1041 3210; x_wconf 91' lang='lat' dir='ltr'><strong>videtur.</strong></span> <span class='ocrx_word' id='word_1_326' title='bbox 1087 3147 1189 3228; x_wconf 87' lang='lat' dir='ltr'><strong>Neque</strong></span> <span class='ocrx_word' id='word_1_327' title='bbox 1211 3167 1264 3228; x_wconf 81' lang='lat' dir='ltr'><strong>ego</strong></span> <span class='ocrx_word' id='word_1_328' title='bbox 1286 3149 1332 3210; x_wconf 91' lang='lat' dir='ltr'><strong>his</strong></span> <span class='ocrx_word' id='word_1_329' title='bbox 1355 3149 1513 3230; x_wconf 91' lang='lat' dir='ltr'><strong>quicquam</strong></span> <span class='ocrx_word' id='word_1_330' title='bbox 1537 3149 1674 3212; x_wconf 90' lang='lat' dir='ltr'><strong>adderem</strong></span> <span class='ocrx_word' id='word_1_331' title='bbox 1703 3161 1753 3213; x_wconf 91' lang='lat' dir='ltr'><strong>aut</strong></span> <span class='ocrx_word' id='word_1_332' title='bbox 1775 3168 1958 3230; x_wconf 86' lang='lat' dir='ltr'><strong>quaererem,</strong></span> <span class='ocrx_word' id='word_1_333' title='bbox 1984 3167 2038 3212; x_wconf 90' lang='lat' dir='ltr'><strong>cur</strong></span> 
     </span>
     <span class='ocr_line' id='line_1_26' title="bbox 336 3258 2036 3345; baseline -0.003 -18"><span class='ocrx_word' id='word_1_334' title='bbox 336 3282 391 3345; x_wconf 90' lang='lat' dir='ltr'><strong>pro</strong></span> <span class='ocrx_word' id='word_1_335' title='bbox 406 3267 485 3325; x_wconf 85' lang='lat' dir='ltr'><strong>omni</strong></span> <span class='ocrx_word' id='word_1_336' title='bbox 505 3263 667 3344; x_wconf 84' lang='lat' dir='ltr'><strong>posteriore</strong></span> <span class='ocrx_word' id='word_1_337' title='bbox 683 3262 746 3322; x_wconf 89' lang='lat' dir='ltr'><strong>loco</strong></span> <span class='ocrx_word' id='word_1_338' title='bbox 762 3261 889 3341; x_wconf 89' lang='lat' dir='ltr'><strong>scriptor</strong></span> <span class='ocrx_word' id='word_1_339' title='bbox 904 3260 1107 3324; x_wconf 83' lang='lat' dir='ltr'><strong>substituisset</strong></span> <span class='ocrx_word' id='word_1_340' title='bbox 1121 3258 1271 3324; x_wconf 76' lang='lat' dir='ltr'><strong>Ronanus</strong></span> <span class='ocrx_word' id='word_1_341' title='bbox 1292 3259 1363 3340; x_wconf 90' lang='lat' dir='ltr'><strong>(hoc</strong></span> <span class='ocrx_word' id='word_1_342' title='bbox 1384 3263 1464 3324; x_wconf 90' lang='lat' dir='ltr'><strong>enim</strong></span> <span class='ocrx_word' id='word_1_343' title='bbox 1489 3261 1560 3324; x_wconf 88' lang='lat' dir='ltr'><strong>satis</strong></span> <span class='ocrx_word' id='word_1_344' title='bbox 1584 3261 1697 3342; x_wconf 80' lang='lat' dir='ltr'><strong>placet).</strong></span> <span class='ocrx_word' id='word_1_345' title='bbox 1720 3263 1745 3324; x_wconf 92' lang='lat' dir='ltr'><strong>si</strong></span> <span class='ocrx_word' id='word_1_346' title='bbox 1766 3262 1796 3324; x_wconf 90' lang='lat' dir='ltr'><strong>in</strong></span> <span class='ocrx_word' id='word_1_347' title='bbox 1821 3262 1920 3323; x_wconf 86' lang='lat' dir='ltr'><strong>codice</strong></span> <span class='ocrx_word' id='word_1_348' title='bbox 1943 3261 2036 3342; x_wconf 89' lang='lat' dir='ltr'><strong>scrip-</strong></span> 
     </span>
     <span class='ocr_line' id='line_1_27' title="bbox 335 3370 2035 3455; baseline -0.002 -16"><span class='ocrx_word' id='word_1_349' title='bbox 335 3388 400 3439; x_wconf 89' lang='lat' dir='ltr'><strong>tum</strong></span> <span class='ocrx_word' id='word_1_350' title='bbox 422 3376 602 3438; x_wconf 90' lang='lat' dir='ltr'><strong>invenissem</strong></span> <span class='ocrx_word' id='word_1_351' title='bbox 617 3372 771 3438; x_wconf 77' lang='lat' dir='ltr'><strong>Romanae.</strong></span> <span class='ocrx_word' id='word_1_352' title='bbox 806 3373 849 3435; x_wconf 92' lang='lat' dir='ltr'><strong>lbi</strong></span> <span class='ocrx_word' id='word_1_353' title='bbox 868 3373 946 3436; x_wconf 85' lang='lat' dir='ltr'><strong>enim</strong></span> <span class='ocrx_word' id='word_1_354' title='bbox 964 3382 1008 3436; x_wconf 88' lang='lat' dir='ltr'><strong>est</strong></span> <span class='ocrx_word' id='word_1_355' title='bbox 1025 3370 1169 3448; x_wconf 74' lang='lat' dir='ltr'><strong>ltnnonvt,</strong></span> <span class='ocrx_word' id='word_1_356' title='bbox 1193 3373 1272 3455; x_wconf 91' lang='lat' dir='ltr'><strong>quod</strong></span> <span class='ocrx_word' id='word_1_357' title='bbox 1295 3393 1383 3436; x_wconf 87' lang='lat' dir='ltr'><strong>nemo</strong></span> <span class='ocrx_word' id='word_1_358' title='bbox 1407 3373 1503 3437; x_wconf 88' lang='lat' dir='ltr'><strong>adbuc</strong></span> <span class='ocrx_word' id='word_1_359' title='bbox 1524 3373 1647 3437; x_wconf 84' lang='lat' dir='ltr'><strong>rettulit</strong></span> <span class='ocrx_word' id='word_1_360' title='bbox 1692 3373 1762 3436; x_wconf 91' lang='lat' dir='ltr'><strong>lnde</strong></span> <span class='ocrx_word' id='word_1_361' title='bbox 1785 3373 1920 3436; x_wconf 88' lang='lat' dir='ltr'><strong>dubitare</strong></span> <span class='ocrx_word' id='word_1_362' title='bbox 1942 3373 2035 3455; x_wconf 90' lang='lat' dir='ltr'><strong>coepi,</strong></span> 
     </span>
     <span class='ocr_line' id='line_1_28' title="bbox 337 3483 2036 3570; baseline -0.002 -18"><span class='ocrx_word' id='word_1_363' title='bbox 337 3497 436 3551; x_wconf 89' lang='lat' dir='ltr'><strong>utrum</strong></span> <span class='ocrx_word' id='word_1_364' title='bbox 461 3486 642 3570; x_wconf 86' lang='lat' dir='ltr'><strong>probabilius</strong></span> <span class='ocrx_word' id='word_1_365' title='bbox 666 3507 700 3548; x_wconf 83' lang='lat' dir='ltr'><strong>eu</strong></span> <span class='ocrx_word' id='word_1_366' title='bbox 723 3486 860 3549; x_wconf 81' lang='lat' dir='ltr'><strong>Romanis</strong></span> <span class='ocrx_word' id='word_1_367' title='bbox 882 3487 965 3548; x_wconf 88' lang='lat' dir='ltr'><strong>lieret</strong></span> <span class='ocrx_word' id='word_1_368' title='bbox 982 3483 1137 3558; x_wconf 82' lang='lat' dir='ltr'><strong>Romanus,</strong></span> <span class='ocrx_word' id='word_1_369' title='bbox 1160 3487 1236 3548; x_wconf 87' lang='lat' dir='ltr'><strong>sicut</strong></span> <span class='ocrx_word' id='word_1_370' title='bbox 1259 3486 1298 3548; x_wconf 94' lang='lat' dir='ltr'><strong>lll</strong></span> <span class='ocrx_word' id='word_1_371' title='bbox 1318 3485 1368 3560; x_wconf 78' lang='lat'><strong>20,</strong></span> <span class='ocrx_word' id='word_1_372' title='bbox 1387 3487 1424 3548; x_wconf 88' lang='grc'><strong>10</strong></span> <span class='ocrx_word' id='word_1_373' title='bbox 1446 3506 1501 3568; x_wconf 90' lang='lat' dir='ltr'><strong>pro</strong></span> <span class='ocrx_word' id='word_1_374' title='bbox 1523 3485 1670 3549; x_wconf 79' lang='lat' dir='ltr'><strong>Romanus</strong></span> <span class='ocrx_word' id='word_1_375' title='bbox 1696 3487 1840 3568; x_wconf 89' lang='lat' dir='ltr'><strong>scriptum</strong></span> <span class='ocrx_word' id='word_1_376' title='bbox 1863 3494 1909 3548; x_wconf 91' lang='lat' dir='ltr'><strong>est</strong></span> <span class='ocrx_word' id='word_1_377' title='bbox 1930 3487 1960 3548; x_wconf 93' lang='lat' dir='ltr'><strong>in</strong></span> <span class='ocrx_word' id='word_1_378' title='bbox 1985 3505 2036 3548; x_wconf 92' lang='lat' dir='ltr'><strong>co-</strong></span> 
     </span>
     <span class='ocr_line' id='line_1_29' title="bbox 337 3598 2036 3680; baseline -0.003 -15"><span class='ocrx_word' id='word_1_379' title='bbox 337 3603 403 3665; x_wconf 87' lang='lat' dir='ltr'><strong>dice</strong></span> <span class='ocrx_word' id='word_1_380' title='bbox 425 3601 570 3674; x_wconf 74' lang='lat' dir='ltr'><strong>nomana,</strong></span> <span class='ocrx_word' id='word_1_381' title='bbox 593 3599 672 3680; x_wconf 92' lang='lat' dir='ltr'><strong>quod</strong></span> <span class='ocrx_word' id='word_1_382' title='bbox 696 3600 842 3680; x_wconf 87' lang='lat' dir='ltr'><strong>posterior</strong></span> <span class='ocrx_word' id='word_1_383' title='bbox 865 3616 970 3661; x_wconf 90' lang='lat' dir='ltr'><strong>manus</strong></span> <span class='ocrx_word' id='word_1_384' title='bbox 993 3599 1129 3670; x_wconf 85' lang='lat' dir='ltr'><strong>correxit,</strong></span> <span class='ocrx_word' id='word_1_385' title='bbox 1151 3617 1189 3660; x_wconf 92' lang='lat' dir='ltr'><strong>au</strong></span> <span class='ocrx_word' id='word_1_386' title='bbox 1212 3602 1315 3673; x_wconf 73' lang='lat' dir='ltr'><strong>ornate,</strong></span> <span class='ocrx_word' id='word_1_387' title='bbox 1344 3599 1458 3662; x_wconf 92' lang='lat' dir='ltr'><strong>duabus</strong></span> <span class='ocrx_word' id='word_1_388' title='bbox 1482 3599 1587 3661; x_wconf 88' lang='lat' dir='ltr'><strong>litteris</strong></span> <span class='ocrx_word' id='word_1_389' title='bbox 1610 3599 1726 3672; x_wconf 87' lang='lat' dir='ltr'><strong>deletis,</strong></span> <span class='ocrx_word' id='word_1_390' title='bbox 1748 3617 1874 3680; x_wconf 89' lang='lat' dir='ltr'><strong>quarum</strong></span> <span class='ocrx_word' id='word_1_391' title='bbox 1897 3598 1978 3680; x_wconf 89' lang='lat' dir='ltr'><strong>prior</strong></span> <span class='ocrx_word' id='word_1_392' title='bbox 2000 3617 2036 3660; x_wconf 90' lang='lat' dir='ltr'><strong>ex</strong></span> 
     </span>
     <span class='ocr_line' id='line_1_30' title="bbox 335 3710 2035 3796; baseline -0.002 -20"><span class='ocrx_word' id='word_1_393' title='bbox 335 3714 531 3796; x_wconf 76' lang='lat' dir='ltr'><strong>dittographia</strong></span> <span class='ocrx_word' id='word_1_394' title='bbox 554 3719 653 3796; x_wconf 89' lang='lat' dir='ltr'><strong>potest</strong></span> <span class='ocrx_word' id='word_1_395' title='bbox 673 3721 741 3774; x_wconf 87' lang='lat' dir='ltr'><strong>nata</strong></span> <span class='ocrx_word' id='word_1_396' title='bbox 765 3731 828 3774; x_wconf 91' lang='lat' dir='ltr'><strong>esse</strong></span> <span class='ocrx_word' id='word_1_397' title='bbox 851 3710 937 3792; x_wconf 79' lang='lat' dir='ltr'><strong>(nam</strong></span> <span class='ocrx_word' id='word_1_398' title='bbox 960 3711 1109 3792; x_wconf 88' lang='lat' dir='ltr'><strong>praecedit</strong></span> <span class='ocrx_word' id='word_1_399' title='bbox 1131 3714 1241 3792; x_wconf 69' lang='lat' dir='ltr'><strong>eonor),</strong></span> <span class='ocrx_word' id='word_1_400' title='bbox 1263 3713 1353 3774; x_wconf 88' lang='lat' dir='ltr'><strong>altera</strong></span> <span class='ocrx_word' id='word_1_401' title='bbox 1377 3711 1512 3774; x_wconf 89' lang='lat' dir='ltr'><strong>similiter</strong></span> <span class='ocrx_word' id='word_1_402' title='bbox 1536 3712 1646 3774; x_wconf 88' lang='lat' dir='ltr'><strong>inserta</strong></span> <span class='ocrx_word' id='word_1_403' title='bbox 1670 3731 1736 3774; x_wconf 85' lang='lat' dir='ltr'><strong>esse</strong></span> <span class='ocrx_word' id='word_1_404' title='bbox 1759 3713 1838 3775; x_wconf 88' lang='lat' dir='ltr'><strong>credi</strong></span> <span class='ocrx_word' id='word_1_405' title='bbox 1862 3719 1968 3792; x_wconf 86' lang='lat' dir='ltr'><strong>potest,</strong></span> <span class='ocrx_word' id='word_1_406' title='bbox 1990 3721 2035 3772; x_wconf 92' lang='lat' dir='ltr'><strong>at-</strong></span> 
     </span>
     <span class='ocr_line' id='line_1_31' title="bbox 335 3822 2035 3908; baseline -0.002 -19"><span class='ocrx_word' id='word_1_407' title='bbox 335 3846 403 3908; x_wconf 86' lang='lat' dir='ltr'><strong>que,</strong></span> <span class='ocrx_word' id='word_1_408' title='bbox 427 3836 459 3888; x_wconf 92' lang='lat' dir='ltr'><strong>ut</strong></span> <span class='ocrx_word' id='word_1_409' title='bbox 483 3844 575 3889; x_wconf 93' lang='lat' dir='ltr'><strong>unum</strong></span> <span class='ocrx_word' id='word_1_410' title='bbox 599 3825 769 3905; x_wconf 85' lang='lat' dir='ltr'><strong>exemplum</strong></span> <span class='ocrx_word' id='word_1_411' title='bbox 791 3823 931 3897; x_wconf 81' lang='lat' dir='ltr'><strong>adferam,</strong></span> <span class='ocrx_word' id='word_1_412' title='bbox 955 3823 990 3885; x_wconf 90' lang='lat' dir='ltr'><strong>lV</strong></span> <span class='ocrx_word' id='word_1_413' title='bbox 1006 3822 1092 3896; x_wconf 80' lang='lat'><strong>25,9</strong></span> <span class='ocrx_word' id='word_1_414' title='bbox 1116 3843 1169 3905; x_wconf 92' lang='lat' dir='ltr'><strong>pro</strong></span> <span class='ocrx_word' id='word_1_415' title='bbox 1191 3836 1304 3887; x_wconf 83' lang='lat' dir='ltr'><strong>turmae</strong></span> <span class='ocrx_word' id='word_1_416' title='bbox 1326 3825 1470 3906; x_wconf 91' lang='lat' dir='ltr'><strong>scriptum</strong></span> <span class='ocrx_word' id='word_1_417' title='bbox 1494 3833 1538 3887; x_wconf 91' lang='lat' dir='ltr'><strong>est</strong></span> <span class='ocrx_word' id='word_1_418' title='bbox 1560 3834 1703 3888; x_wconf 86' lang='lat' dir='ltr'><strong>tnrnrnoe.</strong></span> <span class='ocrx_word' id='word_1_419' title='bbox 1747 3825 1804 3888; x_wconf 88' lang='lat' dir='ltr'><strong>Sed</strong></span> <span class='ocrx_word' id='word_1_420' title='bbox 1827 3845 1882 3906; x_wconf 80' lang='lat' dir='ltr'><strong>ego</strong></span> <span class='ocrx_word' id='word_1_421' title='bbox 1904 3825 1934 3886; x_wconf 93' lang='lat' dir='ltr'><strong>in</strong></span> <span class='ocrx_word' id='word_1_422' title='bbox 1959 3842 2035 3887; x_wconf 86' lang='lat' dir='ltr'><strong>neu-</strong></span> 
     </span>
     <span class='ocr_line' id='line_1_32' title="bbox 334 3937 2033 4020; baseline -0.001 -20"><span class='ocrx_word' id='word_1_423' title='bbox 334 3949 410 4001; x_wconf 87' lang='lat' dir='ltr'><strong>tram</strong></span> <span class='ocrx_word' id='word_1_424' title='bbox 434 3950 548 4020; x_wconf 90' lang='lat' dir='ltr'><strong>partem</strong></span> <span class='ocrx_word' id='word_1_425' title='bbox 571 3937 704 4020; x_wconf 90' lang='lat' dir='ltr'><strong>disputo:</strong></span> <span class='ocrx_word' id='word_1_426' title='bbox 739 3937 855 3999; x_wconf 89' lang='lat' dir='ltr'><strong>videant</strong></span> <span class='ocrx_word' id='word_1_427' title='bbox 887 3937 934 3998; x_wconf 90' lang='lat' dir='ltr'><strong>elii</strong></span> <span class='ocrx_word' id='word_1_428' title='bbox 968 3955 1130 4018; x_wconf 89' lang='lat' dir='ltr'><strong>secumque</strong></span> <span class='ocrx_word' id='word_1_429' title='bbox 1157 3937 1337 4018; x_wconf 83' lang='lat' dir='ltr'><strong>expendant,</strong></span> <span class='ocrx_word' id='word_1_430' title='bbox 1371 3946 1472 4000; x_wconf 92' lang='lat' dir='ltr'><strong>utrum</strong></span> <span class='ocrx_word' id='word_1_431' title='bbox 1496 3937 1632 4000; x_wconf 82' lang='lat' dir='ltr'><strong>Tacitum</strong></span> <span class='ocrx_word' id='word_1_432' title='bbox 1656 3938 1799 4000; x_wconf 89' lang='lat' dir='ltr'><strong>hocloco</strong></span> <span class='ocrx_word' id='word_1_433' title='bbox 1823 3937 1909 4020; x_wconf 86' lang='lat' dir='ltr'><strong>plane</strong></span> <span class='ocrx_word' id='word_1_434' title='bbox 1932 3938 2033 4000; x_wconf 90' lang='lat' dir='ltr'><strong>eadem</strong></span> 
     </span>
     <span class='ocr_line' id='line_1_33' title="bbox 338 4047 2035 4132; baseline 0.001 -22"><span class='ocrx_word' id='word_1_435' title='bbox 338 4051 486 4124; x_wconf 87' lang='lat' dir='ltr'><strong>vocabula,</strong></span> <span class='ocrx_word' id='word_1_436' title='bbox 510 4070 584 4132; x_wconf 90' lang='lat' dir='ltr'><strong>quae</strong></span> <span class='ocrx_word' id='word_1_437' title='bbox 599 4059 684 4112; x_wconf 86' lang='lat' dir='ltr'><strong>autea</strong></span> <span class='ocrx_word' id='word_1_438' title='bbox 699 4057 848 4130; x_wconf 83' lang='lat' dir='ltr'><strong>posuerat,</strong></span> <span class='ocrx_word' id='word_1_439' title='bbox 868 4047 1003 4130; x_wconf 88' lang='lat' dir='ltr'><strong>posuisse</strong></span> <span class='ocrx_word' id='word_1_440' title='bbox 1025 4066 1063 4111; x_wconf 92' lang='lat' dir='ltr'><strong>an</strong></span> <span class='ocrx_word' id='word_1_441' title='bbox 1079 4049 1208 4130; x_wconf 93' lang='lat' dir='ltr'><strong>paullum</strong></span> <span class='ocrx_word' id='word_1_442' title='bbox 1225 4049 1377 4111; x_wconf 88' lang='lat' dir='ltr'><strong>immutata</strong></span> <span class='ocrx_word' id='word_1_443' title='bbox 1393 4049 1563 4129; x_wconf 83' lang='lat' dir='ltr'><strong>repetivisse</strong></span> <span class='ocrx_word' id='word_1_444' title='bbox 1586 4050 1704 4114; x_wconf 88' lang='lat' dir='ltr'><strong>credere</strong></span> <span class='ocrx_word' id='word_1_445' title='bbox 1726 4060 1864 4131; x_wconf 88' lang='lat' dir='ltr'><strong>praestet.</strong></span> <span class='ocrx_word' id='word_1_446' title='bbox 1910 4049 1983 4112; x_wconf 86' lang='lat' dir='ltr'><strong>Nam</strong></span> <span class='ocrx_word' id='word_1_447' title='bbox 1998 4048 2035 4112; x_wconf 88' lang='lat' dir='ltr'><strong>ab</strong></span> 
     </span>
     <span class='ocr_line' id='line_1_34' title="bbox 338 4157 1479 4243; baseline -0.003 -18"><span class='ocrx_word' id='word_1_448' title='bbox 338 4163 549 4243; x_wconf 85' lang='lat' dir='ltr'><strong>interpolatore</strong></span> <span class='ocrx_word' id='word_1_449' title='bbox 571 4162 682 4224; x_wconf 85' lang='lat' dir='ltr'><strong>inserta</strong></span> <span class='ocrx_word' id='word_1_450' title='bbox 706 4179 770 4223; x_wconf 89' lang='lat' dir='ltr'><strong>esse</strong></span> <span class='ocrx_word' id='word_1_451' title='bbox 794 4160 861 4242; x_wconf 90' lang='lat' dir='ltr'><strong>quis</strong></span> <span class='ocrx_word' id='word_1_452' title='bbox 883 4160 980 4223; x_wconf 86' lang='lat' dir='ltr'><strong>dicere</strong></span> <span class='ocrx_word' id='word_1_453' title='bbox 1002 4159 1120 4222; x_wconf 89' lang='lat' dir='ltr'><strong>audebit</strong></span> <span class='ocrx_word' id='word_1_454' title='bbox 1141 4170 1192 4223; x_wconf 90' lang='lat' dir='ltr'><strong>aut</strong></span> <span class='ocrx_word' id='word_1_455' title='bbox 1214 4160 1334 4223; x_wconf 89' lang='lat' dir='ltr'><strong>audenti</strong></span> <span class='ocrx_word' id='word_1_456' title='bbox 1357 4157 1479 4223; x_wconf 74' lang='lat' dir='ltr'><strong>credet?</strong></span> 
     </span>
    </p>

    <p class='ocr_par' dir='ltr' id='par_1_5' title="bbox 333 4273 2035 5256">
     <span class='ocr_line' id='line_1_35' title="bbox 478 4273 2035 4356; baseline 0 -20"><span class='ocrx_word' id='word_1_457' title='bbox 478 4274 624 4349; x_wconf 83' lang='grc'>1113,11</span> <span class='ocrx_word' id='word_1_458' title='bbox 660 4275 784 4336; x_wconf 82' lang='lat' dir='ltr'><strong>incendit</strong></span> <span class='ocrx_word' id='word_1_459' title='bbox 810 4292 844 4336; x_wconf 84' lang='lat' dir='ltr'><strong>eo</strong></span> <span class='ocrx_word' id='word_1_460' title='bbox 870 4273 1041 4336; x_wconf 81' lang='lat' dir='ltr'><strong>contumelia</strong></span> <span class='ocrx_word' id='word_1_461' title='bbox 1067 4275 1208 4355; x_wconf 79' lang='lat' dir='ltr'><strong>lapionum</strong></span> <span class='ocrx_word' id='word_1_462' title='bbox 1229 4277 1299 4336; x_wconf 73' lang='lat' dir='ltr'><strong>bos.</strong></span> <span class='ocrx_word' id='word_1_463' title='bbox 1343 4273 1392 4335; x_wconf 89' lang='lat' dir='ltr'><strong>Sic</strong></span> <span class='ocrx_word' id='word_1_464' title='bbox 1420 4273 1564 4336; x_wconf 89' lang='lat' dir='ltr'><strong>editiones</strong></span> <span class='ocrx_word' id='word_1_465' title='bbox 1587 4292 1706 4347; x_wconf 88' lang='lat' dir='ltr'><strong>omnes,</strong></span> <span class='ocrx_word' id='word_1_466' title='bbox 1741 4293 1796 4337; x_wconf 87' lang='lat' dir='ltr'><strong>nec</strong></span> <span class='ocrx_word' id='word_1_467' title='bbox 1824 4275 1980 4356; x_wconf 91' lang='lat' dir='ltr'><strong>quicquam</strong></span> <span class='ocrx_word' id='word_1_468' title='bbox 2004 4274 2035 4336; x_wconf 92' lang='lat' dir='ltr'><strong>iu</strong></span> 
     </span>
     <span class='ocr_line' id='line_1_36' title="bbox 337 4385 2035 4469; baseline 0 -19"><span class='ocrx_word' id='word_1_469' title='bbox 337 4397 475 4469; x_wconf 89' lang='lat' dir='ltr'><strong>apparatu</strong></span> <span class='ocrx_word' id='word_1_470' title='bbox 500 4387 600 4449; x_wconf 92' lang='lat' dir='ltr'><strong>critico</strong></span> <span class='ocrx_word' id='word_1_471' title='bbox 623 4385 746 4449; x_wconf 82' lang='lat' dir='ltr'><strong>adnotat</strong></span> <span class='ocrx_word' id='word_1_472' title='bbox 777 4395 828 4448; x_wconf 92' lang='lat' dir='ltr'><strong>aut</strong></span> <span class='ocrx_word' id='word_1_473' title='bbox 849 4385 982 4448; x_wconf 88' lang='lat' dir='ltr'><strong>Baiterus</strong></span> <span class='ocrx_word' id='word_1_474' title='bbox 1006 4393 1057 4448; x_wconf 92' lang='lat' dir='ltr'><strong>aut</strong></span> <span class='ocrx_word' id='word_1_475' title='bbox 1079 4385 1217 4448; x_wconf 87' lang='lat' dir='ltr'><strong>llitterus.</strong></span> <span class='ocrx_word' id='word_1_476' title='bbox 1262 4385 1375 4448; x_wconf 88' lang='lat' dir='ltr'><strong>Scilicet</strong></span> <span class='ocrx_word' id='word_1_477' title='bbox 1409 4386 1439 4447; x_wconf 92' lang='lat' dir='ltr'><strong>in</strong></span> <span class='ocrx_word' id='word_1_478' title='bbox 1463 4387 1560 4448; x_wconf 90' lang='lat' dir='ltr'><strong>codice</strong></span> <span class='ocrx_word' id='word_1_479' title='bbox 1584 4387 1766 4468; x_wconf 90' lang='lat' dir='ltr'><strong>apertissime</strong></span> <span class='ocrx_word' id='word_1_480' title='bbox 1799 4389 1942 4468; x_wconf 89' lang='lat' dir='ltr'><strong>seriptum</strong></span> <span class='ocrx_word' id='word_1_481' title='bbox 1972 4406 2035 4450; x_wconf 88' lang='lat' dir='ltr'><strong>esse</strong></span> 
     </span>
     <span class='ocr_line' id='line_1_37' title="bbox 333 4498 2034 4580; baseline -0.001 -18"><span class='ocrx_word' id='word_1_482' title='bbox 333 4501 451 4563; x_wconf 79' lang='lat' dir='ltr'><strong>bnendit</strong></span> <span class='ocrx_word' id='word_1_483' title='bbox 475 4509 581 4562; x_wconf 90' lang='lat' dir='ltr'><strong>neuter</strong></span> <span class='ocrx_word' id='word_1_484' title='bbox 603 4498 683 4560; x_wconf 88' lang='lat' dir='ltr'><strong>vidit.</strong></span> <span class='ocrx_word' id='word_1_485' title='bbox 729 4498 847 4580; x_wconf 84' lang='lat' dir='ltr'><strong>Decepti</strong></span> <span class='ocrx_word' id='word_1_486' title='bbox 871 4498 950 4560; x_wconf 90' lang='lat' dir='ltr'><strong>enirn</strong></span> <span class='ocrx_word' id='word_1_487' title='bbox 973 4507 1045 4560; x_wconf 91' lang='lat' dir='ltr'><strong>sunt</strong></span> <span class='ocrx_word' id='word_1_488' title='bbox 1066 4498 1258 4561; x_wconf 87' lang='lat' dir='ltr'><strong>similitudine</strong></span> <span class='ocrx_word' id='word_1_489' title='bbox 1281 4498 1386 4580; x_wconf 91' lang='lat' dir='ltr'><strong>aliqua,</strong></span> <span class='ocrx_word' id='word_1_490' title='bbox 1409 4499 1536 4580; x_wconf 92' lang='lat' dir='ltr'><strong>quaein</strong></span> <span class='ocrx_word' id='word_1_491' title='bbox 1560 4499 1667 4562; x_wconf 86' lang='lat' dir='ltr'><strong>codicis</strong></span> <span class='ocrx_word' id='word_1_492' title='bbox 1686 4499 1808 4562; x_wconf 87' lang='lat' dir='ltr'><strong>bledioei</strong></span> <span class='ocrx_word' id='word_1_493' title='bbox 1830 4501 1917 4580; x_wconf 88' lang='lat' dir='ltr'><strong>primi</strong></span> <span class='ocrx_word' id='word_1_494' title='bbox 1940 4500 2034 4580; x_wconf 90' lang='lat' dir='ltr'><strong>scrip-</strong></span> 
     </span>
     <span class='ocr_line' id='line_1_38' title="bbox 335 4611 2034 4694; baseline -0.001 -19"><span class='ocrx_word' id='word_1_495' title='bbox 335 4622 399 4675; x_wconf 88' lang='lat' dir='ltr'><strong>tura</strong></span> <span class='ocrx_word' id='word_1_496' title='bbox 422 4621 467 4673; x_wconf 86' lang='lat' dir='ltr'><strong>est</strong></span> <span class='ocrx_word' id='word_1_497' title='bbox 489 4611 566 4674; x_wconf 90' lang='lat' dir='ltr'><strong>inter</strong></span> <span class='ocrx_word' id='word_1_498' title='bbox 587 4631 601 4674; x_wconf 91' lang='lat' dir='ltr'><strong>c</strong></span> <span class='ocrx_word' id='word_1_499' title='bbox 624 4619 654 4674; x_wconf 88' lang='lat' dir='ltr'><strong>et</strong></span> <span class='ocrx_word' id='word_1_500' title='bbox 675 4622 686 4674; x_wconf 90' lang='lat' dir='ltr'><strong>t</strong></span> <span class='ocrx_word' id='word_1_501' title='bbox 708 4611 828 4682; x_wconf 89' lang='lat' dir='ltr'><strong>litteras,</strong></span> <span class='ocrx_word' id='word_1_502' title='bbox 852 4629 926 4691; x_wconf 86' lang='lat' dir='ltr'><strong>quae</strong></span> <span class='ocrx_word' id='word_1_503' title='bbox 943 4621 1039 4673; x_wconf 90' lang='lat' dir='ltr'><strong>tamen</strong></span> <span class='ocrx_word' id='word_1_504' title='bbox 1062 4611 1146 4674; x_wconf 79' lang='lat' dir='ltr'><strong>facile</strong></span> <span class='ocrx_word' id='word_1_505' title='bbox 1168 4631 1204 4673; x_wconf 89' lang='lat' dir='ltr'><strong>eo</strong></span> <span class='ocrx_word' id='word_1_506' title='bbox 1228 4613 1305 4674; x_wconf 89' lang='lat' dir='ltr'><strong>inter</strong></span> <span class='ocrx_word' id='word_1_507' title='bbox 1326 4631 1358 4674; x_wconf 87' lang='lat' dir='ltr'><strong>se</strong></span> <span class='ocrx_word' id='word_1_508' title='bbox 1373 4611 1607 4691; x_wconf 82' lang='lat' dir='ltr'><strong>distinguuntur,</strong></span> <span class='ocrx_word' id='word_1_509' title='bbox 1631 4612 1710 4693; x_wconf 93' lang='lat' dir='ltr'><strong>quod</strong></span> <span class='ocrx_word' id='word_1_510' title='bbox 1727 4613 1840 4674; x_wconf 90' lang='lat' dir='ltr'><strong>litterae</strong></span> <span class='ocrx_word' id='word_1_511' title='bbox 1861 4632 1874 4675; x_wconf 86' lang='lat' dir='ltr'><strong>o</strong></span> <span class='ocrx_word' id='word_1_512' title='bbox 1896 4613 2034 4694; x_wconf 89' lang='lat' dir='ltr'><strong>superior</strong></span> 
     </span>
     <span class='ocr_line' id='line_1_39' title="bbox 333 4723 2034 4807; baseline 0 -21"><span class='ocrx_word' id='word_1_513' title='bbox 333 4742 401 4805; x_wconf 89' lang='lat' dir='ltr'><strong>pars</strong></span> <span class='ocrx_word' id='word_1_514' title='bbox 423 4725 552 4807; x_wconf 88' lang='lat' dir='ltr'><strong>exceptis</strong></span> <span class='ocrx_word' id='word_1_515' title='bbox 573 4724 758 4806; x_wconf 87' lang='lat' dir='ltr'><strong>paucissimis</strong></span> <span class='ocrx_word' id='word_1_516' title='bbox 780 4723 863 4799; x_wconf 90' lang='lat' dir='ltr'><strong>locis,</strong></span> <span class='ocrx_word' id='word_1_517' title='bbox 887 4723 937 4786; x_wconf 93' lang='lat' dir='ltr'><strong>ubi</strong></span> <span class='ocrx_word' id='word_1_518' title='bbox 960 4743 974 4786; x_wconf 90' lang='lat' dir='ltr'><strong>c</strong></span> <span class='ocrx_word' id='word_1_519' title='bbox 995 4723 1122 4786; x_wconf 86' lang='lat' dir='ltr'><strong>litteram</strong></span> <span class='ocrx_word' id='word_1_520' title='bbox 1145 4726 1280 4804; x_wconf 85' lang='lat' dir='ltr'><strong>sequitur</strong></span> <span class='ocrx_word' id='word_1_521' title='bbox 1301 4735 1323 4798; x_wconf 91' lang='lat' dir='ltr'><strong>t,</strong></span> <span class='ocrx_word' id='word_1_522' title='bbox 1353 4741 1507 4805; x_wconf 87' lang='lat' dir='ltr'><strong>nunquam</strong></span> <span class='ocrx_word' id='word_1_523' title='bbox 1532 4742 1626 4804; x_wconf 90' lang='lat' dir='ltr'><strong>usque</strong></span> <span class='ocrx_word' id='word_1_524' title='bbox 1649 4727 1684 4787; x_wconf 90' lang='lat' dir='ltr'><strong>ad</strong></span> <span class='ocrx_word' id='word_1_525' title='bbox 1707 4735 1880 4806; x_wconf 85' lang='lat' dir='ltr'><strong>sequentem</strong></span> <span class='ocrx_word' id='word_1_526' title='bbox 1905 4727 2034 4788; x_wconf 85' lang='lat' dir='ltr'><strong>litteram</strong></span> 
     </span>
     <span class='ocr_line' id='line_1_40' title="bbox 334 4837 2033 4920; baseline -0.001 -20"><span class='ocrx_word' id='word_1_527' title='bbox 334 4837 472 4919; x_wconf 87' lang='lat' dir='ltr'><strong>pertinet,</strong></span> <span class='ocrx_word' id='word_1_528' title='bbox 493 4848 504 4899; x_wconf 91' lang='lat' dir='ltr'><strong>t</strong></span> <span class='ocrx_word' id='word_1_529' title='bbox 526 4855 651 4918; x_wconf 86' lang='lat' dir='ltr'><strong>semper.</strong></span> <span class='ocrx_word' id='word_1_530' title='bbox 696 4837 853 4899; x_wconf 82' lang='lat' dir='ltr'><strong>Videamus</strong></span> <span class='ocrx_word' id='word_1_531' title='bbox 875 4837 972 4916; x_wconf 76' lang='lat' dir='ltr'><strong>igitur,</strong></span> <span class='ocrx_word' id='word_1_532' title='bbox 996 4848 1114 4902; x_wconf 89' lang='lat' dir='ltr'><strong>rectane</strong></span> <span class='ocrx_word' id='word_1_533' title='bbox 1136 4837 1247 4900; x_wconf 90' lang='lat' dir='ltr'><strong>dictum</strong></span> <span class='ocrx_word' id='word_1_534' title='bbox 1271 4838 1312 4899; x_wconf 93' lang='lat' dir='ltr'><strong>sit</strong></span> <span class='ocrx_word' id='word_1_535' title='bbox 1333 4837 1453 4900; x_wconf 80' lang='lat' dir='ltr'><strong>intendit</strong></span> <span class='ocrx_word' id='word_1_536' title='bbox 1467 4855 1500 4900; x_wconf 89' lang='lat' dir='ltr'><strong>eo</strong></span> <span class='ocrx_word' id='word_1_537' title='bbox 1516 4837 1686 4901; x_wconf 81' lang='lat' dir='ltr'><strong>contumelio</strong></span> <span class='ocrx_word' id='word_1_538' title='bbox 1701 4837 1842 4920; x_wconf 81' lang='lat' dir='ltr'><strong>lepionnm</strong></span> <span class='ocrx_word' id='word_1_539' title='bbox 1855 4842 1926 4901; x_wconf 84' lang='lat' dir='ltr'><strong>irae.</strong></span> <span class='ocrx_word' id='word_1_540' title='bbox 1970 4837 2033 4917; x_wconf 78' lang='lat' dir='ltr'><strong>Ego</strong></span> 
     </span>
     <span class='ocr_line' id='line_1_41' title="bbox 335 4949 2032 5032; baseline 0 -20"><span class='ocrx_word' id='word_1_541' title='bbox 335 4949 417 5012; x_wconf 91' lang='lat' dir='ltr'><strong>lacile</strong></span> <span class='ocrx_word' id='word_1_542' title='bbox 440 4951 579 5013; x_wconf 89' lang='lat' dir='ltr'><strong>omnibus</strong></span> <span class='ocrx_word' id='word_1_543' title='bbox 603 4969 649 5013; x_wconf 92' lang='lat' dir='ltr'><strong>me</strong></span> <span class='ocrx_word' id='word_1_544' title='bbox 672 4969 880 5032; x_wconf 87' lang='lat' dir='ltr'><strong>persuasurum</strong></span> <span class='ocrx_word' id='word_1_545' title='bbox 905 4968 991 5031; x_wconf 89' lang='lat' dir='ltr'><strong>spero</strong></span> <span class='ocrx_word' id='word_1_546' title='bbox 1015 4967 1078 5013; x_wconf 93' lang='lat' dir='ltr'><strong>non</strong></span> <span class='ocrx_word' id='word_1_547' title='bbox 1100 4951 1196 5012; x_wconf 88' lang='lat' dir='ltr'><strong>solum</strong></span> <span class='ocrx_word' id='word_1_548' title='bbox 1221 4963 1299 5013; x_wconf 91' lang='lat' dir='ltr'><strong>recte</strong></span> <span class='ocrx_word' id='word_1_549' title='bbox 1315 4951 1370 5013; x_wconf 88' lang='lat' dir='ltr'><strong>hoc</strong></span> <span class='ocrx_word' id='word_1_550' title='bbox 1386 4950 1450 5012; x_wconf 90' lang='lat' dir='ltr'><strong>loco</strong></span> <span class='ocrx_word' id='word_1_551' title='bbox 1472 4949 1561 5011; x_wconf 90' lang='lat' dir='ltr'><strong>scribi</strong></span> <span class='ocrx_word' id='word_1_552' title='bbox 1584 4950 1711 5023; x_wconf 85' lang='lat' dir='ltr'><strong>intendit,</strong></span> <span class='ocrx_word' id='word_1_553' title='bbox 1735 4953 1787 5013; x_wconf 91' lang='lat' dir='ltr'><strong>sed</strong></span> <span class='ocrx_word' id='word_1_554' title='bbox 1812 4951 1899 5013; x_wconf 90' lang='lat' dir='ltr'><strong>etiam</strong></span> <span class='ocrx_word' id='word_1_555' title='bbox 1923 4951 2032 5012; x_wconf 84' lang='lat' dir='ltr'><strong>rectius</strong></span> 
     </span>
     <span class='ocr_line' id='line_1_42' title="bbox 335 5062 2032 5144; baseline 0 -20"><span class='ocrx_word' id='word_1_556' title='bbox 335 5081 425 5142; x_wconf 91' lang='lat' dir='ltr'><strong>quam</strong></span> <span class='ocrx_word' id='word_1_557' title='bbox 446 5065 576 5126; x_wconf 72' lang='lat' dir='ltr'><strong>immuta</strong></span> <span class='ocrx_word' id='word_1_558' title='bbox 622 5063 705 5144; x_wconf 73' lang='lat' dir='ltr'><strong>Apud</strong></span> <span class='ocrx_word' id='word_1_559' title='bbox 729 5063 862 5125; x_wconf 85' lang='lat' dir='ltr'><strong>Tacitum</strong></span> <span class='ocrx_word' id='word_1_560' title='bbox 887 5062 965 5124; x_wconf 87' lang='lat' dir='ltr'><strong>enirn</strong></span> <span class='ocrx_word' id='word_1_561' title='bbox 989 5063 1056 5125; x_wconf 90' lang='lat' dir='ltr'><strong>trita</strong></span> <span class='ocrx_word' id='word_1_562' title='bbox 1080 5072 1150 5125; x_wconf 89' lang='lat' dir='ltr'><strong>sunt</strong></span> <span class='ocrx_word' id='word_1_563' title='bbox 1173 5064 1258 5124; x_wconf 88' lang='lat' dir='ltr'><strong>haec:</strong></span> <span class='ocrx_word' id='word_1_564' title='bbox 1286 5081 1417 5143; x_wconf 84' lang='lat' dir='ltr'><strong>unpere</strong></span> <span class='ocrx_word' id='word_1_565' title='bbox 1439 5066 1604 5126; x_wconf 82' lang='lat' dir='ltr'><strong>animorum</strong></span> <span class='ocrx_word' id='word_1_566' title='bbox 1626 5073 1725 5136; x_wconf 85' lang='lat' dir='ltr'><strong>motus,</strong></span> <span class='ocrx_word' id='word_1_567' title='bbox 1746 5063 1863 5144; x_wconf 80' lang='lat' dir='ltr'><strong>pendia,</strong></span> <span class='ocrx_word' id='word_1_568' title='bbox 1887 5063 2032 5135; x_wconf 82' lang='lat' dir='ltr'><strong>laetitiam,</strong></span> 
     </span>
     <span class='ocr_line' id='line_1_43' title="bbox 334 5174 2032 5256; baseline -0.001 -19"><span class='ocrx_word' id='word_1_569' title='bbox 334 5177 438 5249; x_wconf 72' lang='lat' dir='ltr'><strong>staden,</strong></span> <span class='ocrx_word' id='word_1_570' title='bbox 460 5193 596 5247; x_wconf 83' lang='lat' dir='ltr'><strong>ornarem,</strong></span> <span class='ocrx_word' id='word_1_571' title='bbox 620 5195 715 5249; x_wconf 80' lang='lat' dir='ltr'><strong>carm,</strong></span> <span class='ocrx_word' id='word_1_572' title='bbox 737 5185 852 5249; x_wconf 74' lang='lat' dir='ltr'><strong>radunt,</strong></span> <span class='ocrx_word' id='word_1_573' title='bbox 876 5180 1136 5250; x_wconf 75' lang='lat' dir='ltr'><strong>conseruationem,</strong></span> <span class='ocrx_word' id='word_1_574' title='bbox 1158 5179 1354 5256; x_wconf 78' lang='lat' dir='ltr'><strong>srvspnunam,</strong></span> <span class='ocrx_word' id='word_1_575' title='bbox 1377 5175 1554 5256; x_wconf 70' lang='lat' dir='ltr'><strong>offensiones,</strong></span> <span class='ocrx_word' id='word_1_576' title='bbox 1576 5174 1723 5244; x_wconf 70' lang='lat' dir='ltr'><strong>inuidiam,</strong></span> <span class='ocrx_word' id='word_1_577' title='bbox 1747 5175 1822 5246; x_wconf 86' lang='lat' dir='ltr'><strong>odiu,</strong></span> <span class='ocrx_word' id='word_1_578' title='bbox 1845 5179 1923 5238; x_wconf 67' lang='lat' dir='ltr'><strong>bont</strong></span> <span class='ocrx_word' id='word_1_579' title='bbox 1944 5178 2032 5254; x_wconf 81' lang='lat' dir='ltr'><strong>(dnn.</strong></span> 
     </span>
    </p>
   </div>
   <div class='ocr_carea' id='block_1_3' title="bbox 0 0 2333 5764">
    <p class='ocr_par' dir='ltr' id='par_1_6' title="bbox 0 0 2333 5764">
     <span class='ocr_line' id='line_1_44' title="bbox 0 0 2333 5764; baseline 0 0"><span class='ocrx_word' id='word_1_580' title='bbox 0 0 2333 5764; x_wconf 95' lang='lat' dir='ltr'><strong> </strong></span> 
     </span>
    </p>
   </div>
  </div>
 </body>
</html>
