4646 5766
1067 341 1291 405 „14-

325 522 469 595 ostendit3
503 538 571 582 nam
595 519 759 600 asyndeton
782 519 853 580 ierri
877 537 938 580 non
966 527 1071 599 potest.
1119 521 1226 582 Verum
1255 519 1347 580 codex
1376 536 1496 598 quoque
1524 517 1678 597 vestigium
1707 518 1856 599 quoddam
1886 519 2032 598 genuinae

325 634 488 714 scripturae
509 632 627 694 retinet.
673 631 775 712 Neque
798 630 876 693 enim
900 631 1075 712 simpliciter
1095 651 1134 694 eor
1155 632 1299 712 scriptum
1323 640 1369 708 cst
1390 631 1421 692 iu
1436 629 1577 702 Hediceo,
1600 631 1651 694 sed
1674 643 1701 694 et
1726 631 1757 692 in
1772 649 1809 694 ea
1823 630 1925 693 eadem
1943 647 2033 693 manu

324 747 365 809 ita
387 756 564 818 correctum,
600 752 633 806 ut
654 744 757 806 eodem
781 745 864 824 signo
887 743 946 806 duo
968 745 1015 808 illa
1039 745 1176 809 vocabula
1199 747 1358 808 coniuncta
1381 744 1599 807 contineantur.
1645 744 1758 825 Nempe
1780 744 1929 816 librarius,
1963 762 2031 807 cum

324 869 351 922 et
372 858 550 940 scripsisset,
584 856 647 920 viso
669 857 701 919 iu
724 856 882 939 exemplari
909 875 964 919 suo
992 858 1133 921 vocabulo
1161 876 1207 930 esa,
1241 857 1320 939 quod
1348 856 1486 938 deinceps
1514 856 1702 920 scribendum
1732 865 1804 930 erat,
1837 856 2033 920 similitudine

326 971 454 1034 duorum
480 967 688 1032 vocabulomm
712 969 851 1033 inductus
874 977 929 1044 est,
965 979 997 1032 ut
1019 971 1143 1033 alterum
1172 988 1227 1051 pro
1253 968 1346 1032 altero
1375 987 1407 1032 se
1434 969 1569 1050 posuisse
1596 970 1738 1043 crederet,
1773 988 1841 1032 cum
1871 978 2032 1051 utrumqne

325 1082 515 1148 scribendum
538 1089 627 1145 esset.
651 1117 692 1127 -
716 1085 811 1162 Atque
834 1081 920 1146 etiam
945 1083 981 1146 do
1003 1083 1055 1156 eis,
1079 1102 1154 1165 quae
1178 1083 1267 1145 codex
1292 1082 1380 1144 babet
1402 1079 1465 1144 xlv
1481 1079 1532 1155 39,
1552 1081 1600 1156 12,
1616 1083 1795 1146 accuratiora
1811 1081 1936 1144 dicenda
1950 1088 2031 1153 suut,

326 1217 416 1278 quam
440 1215 515 1278 quae
538 1195 679 1258 dixerunt
705 1194 828 1276 priores.
875 1193 909 1256 Hi
939 1196 1019 1259 enim
1049 1196 1079 1256 in
1102 1194 1231 1258 Hediceo
1260 1195 1332 1258 baec
1358 1213 1390 1256 sa
1417 1194 1523 1274 legisse
1552 1197 1698 1258 referunt:
1732 1195 1808 1276 quad
1832 1205 1896 1276 post
1920 1213 2033 1274 paucas

324 1328 413 1372 umes
436 1353 444 1372 .
468 1354 475 1369 .
501 1353 507 1368 .
530 1312 674 1377 autumat,
697 1327 753 1370 nec
776 1308 878 1372 dicunt
902 1308 1034 1372 vocabuli
1054 1319 1117 1390 post
1140 1308 1211 1371 duas
1234 1317 1380 1370 extremas
1403 1308 1514 1371 litteras
1537 1307 1646 1388 positas
1668 1327 1732 1370 esse
1756 1307 1787 1370 iu
1810 1325 1911 1370 rasura
1941 1317 2032 1390 atque

326 1444 415 1487 mauu
438 1423 602 1503 posteriore
625 1433 766 1497 exaratas,
799 1422 878 1486 illam
901 1431 1000 1486 autem
1025 1441 1159 1486 rasuram
1185 1421 1273 1485 etiam
1297 1421 1414 1500 longius
1441 1421 1590 1500 pertinere
1616 1438 1672 1483 nec
1703 1420 1831 1503 spatium
1860 1439 1961 1484 versus
1994 1421 2033 1498 (is

327 1538 407 1600 enim
424 1536 488 1618 ¹boc
509 1536 575 1599 loco
597 1535 789 1614 terminatur)
822 1544 917 1598 totum
946 1555 1012 1600 esse
1039 1535 1198 1617 exquetum.
1253 1535 1305 1598 His
1332 1534 1449 1598 iudiciis
1475 1542 1600 1613 augetur
1627 1531 1817 1614 probabilitas
1844 1532 2032 1597 coniecturae

325 1649 441 1721 Halmii,
473 1647 526 1730 qui
552 1657 616 1729 post
645 1647 676 1710 iu
710 1659 807 1730 postea
835 1651 940 1712 mutari
971 1649 1068 1712 iussit.
1118 1649 1235 1713 Scilicet
1266 1649 1335 1712 illud
1364 1648 1427 1710 iure
1461 1647 1488 1710 ei
1510 1643 1693 1728 displicebat,
1717 1647 1785 1726 quia
1801 1645 1930 1728 speciem
1945 1643 2033 1709 babet

328 1760 556 1846 praepositionis
579 1779 690 1842 eosque
713 1761 764 1843 qui
785 1762 888 1844 legunt
915 1779 1015 1825 errore
1040 1762 1182 1843 implicat.
1229 1761 1301 1823 Nam
1330 1758 1483 1823 dissimilia
1511 1767 1581 1821 sunt
1614 1777 1690 1842 quae
1711 1759 1845 1824 Hitterus
1878 1766 2032 1840 comparat

331 1875 381 1938 xv
394 1875 477 1949 2⁴26
499 1893 594 1955 nuper
610 1873 739 1937 clausum
756 1872 915 1954 Timonem:
934 1884 997 1956 post
1020 1873 1139 1938 Paetum
1160 1873 1289 1955 leqioucs,
1315 1893 1379 1936 cum
1402 1876 1560 1954 opprimere
1577 1883 1680 1953 ponet,
1702 1870 1857 1935 incolumes
1880 1872 2030 1946 dimair‘ssec

325 1987 367 2050 ibi
391 1987 470 2049 euim
493 1986 634 2049 vocabulo
655 2004 759 2068 nuper,
781 1985 861 2067 quod
884 1986 1043 2060 antecedit,
1066 1986 1244 2068 praemoniti
1269 1987 1368 2048 statim
1387 1985 1597 2065 intellegimus,
1627 2004 1703 2067 quae
1724 1985 1762 2048 sit
1778 1994 1881 2048 ustura
1898 1983 2031 2048 vocabuli

323 2111 397 2184 post.
421 2135 463 2144 -
487 2098 551 2160 Non
576 2099 670 2162 multo
692 2097 962 2180 postmultum)
985 2098 1058 2162 baec
1079 2098 1198 2180 scripsit
1220 2097 1352 2161 Tacitus:
1374 2117 1443 2162 roae
1465 2099 1615 2161 suestram
1637 2098 1794 2162 occultavit.
1841 2099 1871 2160 li.
1895 2107 1925 2160 et
1945 2097 1977 2159 ll.
2001 2097 2031 2160 in

326 2212 402 2275 libro
427 2209 556 2273 blcdiceo
579 2210 722 2275 occuluit
744 2211 887 2292 scripturn
912 2221 942 2273 et
962 2211 1058 2293 spatio
1081 2229 1173 2274 vacuo
1196 2231 1287 2275 manu
1315 2212 1480 2275 recentiore
1507 2221 1537 2273 ta
1566 2210 1690 2274 inlatum
1719 2231 1782 2275 esse
1810 2219 1892 2275 recte
1918 2209 2031 2273 dicunt.

327 2325 390 2388 Hoc
411 2324 620 2406 supplemento
644 2342 766 2387 manum
789 2324 883 2386 'l'aciti
904 2324 1072 2388 restitutam
1096 2343 1164 2386 esse
1186 2323 1381 2406 Nipperdeius
1403 2325 1472 2386 iude
1498 2323 1623 2404 collegit,
1657 2323 1736 2406 quod
1767 2324 1848 2388 verbi
1876 2322 2031 2387 occulendi

327 2439 385 2502 duo
409 2444 526 2500 tantum
550 2447 696 2518 tempora,
719 2455 859 2518 praesens
882 2445 911 2500 et
934 2435 1153 2519 imperfectum,
1175 2436 1252 2517 apud
1268 2436 1403 2500 Tacitum
1426 2443 1538 2500 extant.
1583 2435 1659 2500 Huic
1679 2447 1857 2517 argumento
1879 2437 1938 2500 um
1954 2436 2030 2500 addo

327 2552 451 2613 alterum
476 2568 511 2612 ea
534 2549 598 2633 ipso
622 2550 723 2613 codice
746 2549 966 2630 depromptum.
1012 2549 1140 2610 lacuum
1165 2549 1243 2612 enim
1268 2548 1396 2631 spatium
1420 2549 1492 2614 iHud
1515 2550 1645 2632 positum
1669 2559 1716 2614 est
1738 2550 1768 2612 in
1796 2552 1918 2624 macula,
1951 2550 2031 2634 quod

327 2663 396 2725 olim
421 2661 526 2724 litteris
549 2659 698 2740 expletum
721 2659 814 2724 luisse
835 2661 905 2724 inde
929 2662 1117 2740 intellegitur,
1152 2663 1233 2743 quod
1254 2663 1286 2725 in
1310 2661 1411 2726 eadem
1436 2663 1549 2727 macula
1578 2665 1609 2726 iu
1639 2681 1674 2726 eo
1702 2683 1788 2727 versu
1818 2664 1868 2746 qui
1896 2663 2032 2744 sequitur

327 2775 392 2837 sine
415 2773 636 2836 intermissione
652 2775 797 2854 scriptum
814 2784 859 2837 cst
881 2774 1024 2837 accubas.
1069 2774 1217 2838 llitternm
1242 2774 1340 2856 igitur,
1366 2776 1416 2856 qui
1439 2775 1561 2839 occuluit
1583 2777 1710 2859 scripsit,
1738 2795 1800 2840 non
1828 2777 1916 2840 modo
1938 2775 2031 2840 Taciti

328 2904 421 2966 genus
445 2885 571 2958 dicendi,
596 2885 648 2948 sed
672 2888 759 2949 etiam
783 2887 874 2950 codex
895 2887 959 2969 ipse
982 2887 1124 2951 conlutat.

469 2997 518 3059 XV
535 2998 565 3074 (i,
582 2999 601 3060 8
623 3018 663 3062 aa
684 2998 787 3062 melius
808 2999 999 3063 lu’berrvavissc
1021 3005 1053 3062 ire
1073 3013 1205 3064 eatrema
1222 2999 1400 3083 Cappadocia
1413 3035 1464 3060 ,-
1485 3019 1572 3084 quam
1585 3004 1618 3064 ira
1631 3000 1696 3064 aede
1715 3004 1798 3082 requi
1810 3000 1892 3064 modo
1907 2995 2030 3064 reterui?

326 3108 451 3172 'l'emere
478 3110 608 3174 llitterus
638 3112 756 3188 obtentu
788 3113 819 3174 iu
849 3111 982 3175 ldediceo
1015 3124 1112 3177 autem
1147 3115 1289 3196 scriptum
1324 3133 1390 3177 esse
1423 3113 1493 3176 dicit
1526 3117 1657 3186 conteuti,
1689 3115 1887 3196 suprascripta
1919 3113 2032 3196 primae

327 3222 454 3304 syllabae
478 3230 597 3297 ,natue
621 3229 730 3286 arauri‘
753 3223 861 3305 syllaba
884 3243 925 3288 re.
970 3226 1061 3290 Hecto
1085 3227 1217 3292 balterus
1240 3227 1316 3290 banc
1336 3225 1476 3308 syllabam
1499 3225 1536 3289 ab
1558 3228 1623 3309 ipso
1645 3225 1766 3290 librario
1797 3226 1942 3288 adiectam
1965 3243 2031 3288 esse

328 3335 467 3398 adfirmat.
512 3335 596 3399 Unde
618 3335 753 3399 Tauium
779 3342 883 3400 ructui
907 3337 1061 3418 scripsisse
1087 3348 1204 3401 certum
1232 3346 1287 3401 est.
1335 3338 1411 3412 Quid
1445 3339 1524 3419 quod
1559 3360 1574 3402 c
1605 3340 1719 3403 litterae
1751 3338 1888 3401 adiuncta
1922 3343 1967 3398 est
1995 3335 2032 3399 ab

326 3447 469 3526 inferiore
502 3457 585 3530 parte
613 3448 711 3511 teonis
739 3449 846 3511 bneola
876 3448 1040 3532 eademque
1068 3450 1139 3514 satis
1172 3447 1283 3530 longa?
1327 3449 1391 3524 Qua
1425 3449 1498 3513 mihi
1532 3451 1648 3514 videtur
1681 3450 1819 3513 librarius
1852 3449 2032 3530 significasse

326 3561 466 3641 syllabam
490 3576 542 3623 con
564 3579 628 3622 esse
651 3561 821 3624 tollendam.
866 3561 1051 3642 Quamquam
1075 3580 1135 3644 quo
1157 3580 1258 3624 errore
1281 3561 1421 3625 inductus
1444 3564 1494 3639 sit,
1529 3572 1562 3625 ut
1588 3582 1641 3626 con
1663 3561 1813 3636 scriberet,
1846 3563 1957 3637 neseio,
1980 3560 2032 3643 qui

328 3691 367 3734 ue
390 3673 419 3735 id
441 3673 562 3754 quidem
587 3673 687 3746 sciam,
709 3673 781 3754 quid
804 3673 860 3736 sibi
883 3675 975 3737 valeat
998 3674 1108 3753 virgula
1132 3675 1203 3737 satis
1227 3693 1324 3737 crassa
1352 3693 1442 3757 supra
1464 3695 1478 3739 c
1500 3676 1629 3740 litteram
1659 3676 1741 3757 (ante
1768 3675 1813 3756 re)
1841 3676 1946 3757 posita,
1973 3674 2031 3737 nisi

327 3791 404 3850 iorte
426 3805 502 3849 novo
525 3805 626 3850 errore
648 3805 703 3868 pro
726 3787 954 3868 conscripsisse
977 3787 1171 3868 coaon(usm
1195 3783 1212 3850 c‘
1241 3797 1288 3851 est
1310 3793 1374 3864 coa)
1403 3788 1615 3853 existimandus
1642 3799 1698 3852 est.
1743 3789 1794 3853 Set
1823 3797 1888 3852 utut
1914 3787 1944 3850 id
1973 3795 2028 3860 est,

328 3911 409 3964 certe
431 3901 510 3984 quod
534 3900 706 3981 deliquerat,
728 3899 791 3981 ipse
814 3899 950 3963 correxit.

470 4013 521 4076 XV
538 4012 588 4086 63,
605 4011 624 4074 3
646 4012 691 4075 sic
705 4011 837 4076 Halmius
852 4031 886 4075 ac
900 4011 1101 4075 recentiorum
1117 4012 1265 4095 plerique:
1287 4024 1370 4094 rapat
1384 4025 1503 4096 oratque
1518 4025 1685 4096 temperaret
1701 4013 1797 4078 dolori
1808 4033 1865 4077 neu
1880 4025 2028 4077 amentum

326 4128 487 4206 crumperet,
520 4123 600 4205 quod
623 4124 748 4186 coniecit
768 4123 918 4188 Heinsius.
962 4125 1001 4187 dt
1033 4125 1058 4186 l.
1082 4125 1129 4186 Hr.
1158 4126 1325 4188 Gronovius
1358 4135 1388 4188 et
1417 4126 1550 4190 Halteras
1584 4137 1613 4190 et
1635 4126 1829 4210 Nipperdeius
1862 4135 2032 4207 temperaret

329 4236 454 4300 dobrem
481 4247 630 4300 murrum
651 4241 802 4318 uespere.
846 4237 954 4300 Utrum
979 4238 1084 4300 melius
1106 4239 1154 4312 sit,
1185 4256 1265 4301 nunc
1286 4238 1439 4302 diiudicari
1461 4249 1570 4321 potest.
1615 4240 1704 4320 Fugit
1726 4240 1806 4303 enim
1830 4238 1979 4302 Baiterum
2002 4245 2032 4300 et

328 4351 487 4426 Hitterum,
510 4368 571 4413 non
593 4351 765 4432 simpliciter
788 4351 914 4415 dolorem
935 4351 1078 4432 scriptum
1103 4371 1170 4414 esse
1191 4351 1223 4414 in
1246 4351 1386 4423 blediceo,
1408 4352 1460 4416 sed
1477 4354 1622 4425 dolonem,
1646 4353 1687 4415 ita
1710 4351 1874 4416 coniunctis
1897 4351 1977 4414 inter
1999 4370 2032 4414 ss

328 4464 435 4528 litteris
458 4467 472 4526 i
492 4471 522 4526 et
543 4484 567 4536 e,
591 4477 625 4527 ut
646 4463 740 4546 possit
762 4464 872 4546 quaeri,
896 4463 1088 4546 scripseritne
1110 4463 1244 4528 librarius
1267 4463 1406 4530 doloriem
1426 4483 1463 4528 an
1478 4467 1523 4529 vel
1539 4465 1633 4528 dolori
1647 4483 1682 4528 ex
1698 4465 1824 4529 dolorem
1840 4463 1884 4526 vel
1907 4461 2032 4526 dolorem

329 4595 364 4640 ex
387 4577 483 4640 dolori
503 4577 672 4640 correxerit.
715 4577 790 4640 lbud
814 4577 884 4640 mibi
908 4577 1091 4660 probabilius
1113 4595 1180 4640 esso
1202 4576 1367 4642 videbatur.
1411 4578 1513 4661 ltaque
1540 4578 1598 4640 iam
1628 4577 1752 4642 dubium
1782 4594 1842 4639 nou
1871 4586 1926 4648 est,
1960 4575 2032 4656 quin

329 4699 410 4754 recte
433 4690 568 4752 Heinsius
591 4689 723 4751 dativum
746 4689 923 4762 restituerit,
946 4709 999 4752 uec
1022 4690 1123 4753 minus
1146 4697 1261 4753 certum
1285 4709 1321 4752 ex
1343 4690 1454 4771 syllaba
1475 4710 1519 4753 em
1540 4689 1709 4754 laciendum
1732 4707 1798 4752 esse
1818 4707 1884 4752 neu.

471 4801 535 4866 Xil
551 4800 615 4873 9,8
638 4802 709 4882 quin
732 4801 923 4866 scribendum
946 4803 986 4866 sit
1006 4804 1055 4866 sed
1075 4821 1134 4866 non
1154 4807 1296 4866 remittere
1318 4808 1483 4884 percussori
1499 4805 1624 4885 pluriam
1645 4805 1803 4876 ministerii,
1827 4801 1917 4865 bodie
1939 4819 2028 4864 nemo

327 4915 445 4980 dubitat
466 4919 548 4991 (uam
572 4915 749 4996 pronomine
769 4933 808 4986 ee,
842 4916 937 4996 quod,
970 4926 1004 4979 ut
1025 4918 1128 4980 multis
1149 4916 1214 4978 aliis
1236 4917 1320 4992 locis,
1354 4917 1394 4980 ita
1417 4915 1465 4979 bic
1486 4933 1605 4998 quoque
1628 4917 1761 4980 Hitterus
1789 4924 1859 4979 ante
1890 4917 2032 4977 remittere

328 5027 466 5101 inseruit,
489 5045 563 5108 opus
586 5046 649 5090 nou
671 5029 739 5108 est).
784 5027 842 5090 Sed
867 5028 937 5109 quid
959 5029 991 5091 in
1014 5029 1116 5093 codice
1132 5027 1275 5110 scriptum
1292 5030 1339 5104 sit,
1355 5030 1451 5093 adbuc
1465 5031 1626 5106 nescimus,
1642 5029 1780 5110 ambigui,
1798 5037 1901 5092 utrum
1918 5027 2032 5092 Baitero

330 5159 367 5204 an
390 5141 502 5204 Hittero
524 5140 688 5204 credamus.
733 5140 783 5203 ille
807 5141 886 5203 enim
906 5145 1083 5222 peremittere
1105 5146 1168 5224 (per
1191 5143 1368 5223 compendio
1397 5129 1566 5225 scriptum)¹
1581 5143 1661 5224 legit,
1690 5143 1738 5206 bic
1760 5145 1955 5225 „perenuitere
1977 5161 2031 5224 pr„
