4646 5766
1069 335 1267 401 ..5-

317 512 471 592 eiedpicru,
495 509 574 591 quod
598 510 676 575 idem
699 519 769 575 ante
792 530 858 576 curn
882 511 1078 576 affirmaverat
1094 513 1236 577 Baitcrus.
1281 514 1346 578 Non
1368 523 1449 578 recte
1472 515 1606 596 legerunt
1628 515 1681 578 riri
1701 515 1872 581 doctissimi.
1918 517 2023 582 Libra·

316 623 378 686 rius
394 623 473 686 enim
490 640 557 687 cum
574 625 740 706 scripsisset
761 625 1042 708 oroclioicioccrptctas
1063 646 1098 689 ac
1120 645 1172 707 per
1194 645 1325 691 errorem
1348 631 1404 691 otei
1417 647 1472 709 pro
1486 633 1545 692 cicc
1568 628 1724 710 scripsisse
1739 647 1773 691 se
1787 629 1918 701 vidisset,
1942 629 2023 696 bunc

318 754 448 799 errorem
474 744 661 801 correcturus
685 757 747 801 non
768 741 781 801 i
800 738 832 800 in
856 757 870 802 e
894 739 1026 814 mutavit,
1049 739 1129 821 quod
1153 739 1289 814 debebat,
1323 741 1375 803 sed
1409 759 1485 803 noro
1516 761 1618 805 errore
1648 741 1776 805 admisso
1800 742 1869 805 illud
1893 761 1908 805 ι
1930 744 2022 825 priori

317 850 419 911 bastae
434 868 454 911 a
468 849 582 913 litterae
604 849 754 932 imposuit,
776 851 854 933 quod
869 861 969 914 muron
992 853 1031 916 ita
1053 853 1134 928 lecit,
1156 862 1191 916 ut
1205 854 1330 918 formam
1346 853 1462 918 litterae
1477 874 1497 917 c
1512 871 1575 917 non
1597 854 1780 918 obscuraret.
1823 855 1909 918 Falso
1931 855 2022 936 igitur

316 965 345 1025 ιι·
363 961 394 1023 in
417 961 518 1026 codice
541 981 607 1026 esse
622 963 738 1039 dicunt3
759 963 852 1027 immo
869 972 915 1027 est
930 983 958 1038 c,
982 965 1065 1029 cuius
1088 966 1224 1028 sinistrae
1248 968 1324 1048 parti
1346 966 1485 1049 imposita
1507 977 1554 1030 est
1571 967 1666 1029 littera
1682 984 1706 1028 e.
1750 967 1828 1030 llaec
1853 967 2040 1036 Ptitrnerus.

316 1092 383 1136 cunr
406 1075 517 1156 legerit,
540 1076 591 1158 qui
615 1077 707 1150 solus,
731 1087 874 1159 quantum
898 1077 992 1153 rideo,
1015 1099 1051 1141 ex
1073 1079 1116 1142 eis
1138 1079 1316 1151 editoribus,
1349 1080 1400 1161 qui
1424 1089 1491 1160 post
1512 1080 1659 1144 liitterum
1684 1080 1854 1155 extiterunt,
1876 1085 2020 1163 occipiens

317 1187 445 1268 scripsit,
468 1187 546 1252 illius
568 1190 737 1272 exemplum
761 1191 945 1272 sequendum
968 1191 1024 1253 sibi
1047 1207 1109 1255 non
1131 1193 1223 1255 luisse
1245 1193 1403 1274 intelleget.

460 1302 521 1364 lloc
541 1302 616 1377 loco,
639 1303 694 1366 etsi
718 1305 861 1370 eorrectio
883 1304 992 1368 librarii
1025 1323 1084 1367 non
1107 1324 1143 1367 eo
1165 1306 1229 1368 loco
1253 1324 1311 1386 qno
1335 1305 1459 1369 debebat
1489 1307 1562 1388 poni
1583 1305 1680 1388 posita
1703 1315 1762 1378 est,
1797 1317 1895 1370 tamen
1918 1305 2013 1388 ipsam

316 1413 528 1478 correctionem
551 1433 650 1479 reram
674 1435 739 1480 esse
761 1415 926 1480 docuimus.
970 1417 1080 1480 Eadem
1102 1418 1179 1481 ratio
1201 1417 1341 1481 omnibus
1373 1419 1444 1481 locis
1466 1419 1594 1482 tenenda
1617 1426 1674 1494 est,
1704 1418 1737 1480 in
1768 1419 1875 1500 quibus
1902 1419 2010 1501 aliquid

316 1524 438 1606 abipso
460 1525 580 1591 librario
603 1538 769 1593 correctum
794 1548 859 1593 esse
881 1539 1016 1612 aspectus
1039 1531 1200 1611 scripturae
1216 1531 1401 1613 persuaserit.
1445 1531 1581 1594 velutad
1601 1549 1645 1604 ea,
1668 1549 1743 1612 quae
1765 1533 1898 1613 quinqua
1921 1533 2012 1594 versi-

317 1636 373 1700 bus
389 1647 457 1721 post
471 1641 610 1721 leguntur
630 1641 679 1722 (lll
694 1641 745 1717 tt,
761 1644 808 1719 dl:
831 1644 1050 1726 scptoctomos
1071 1653 1198 1706 ostentm
1214 1679 1254 1688 -
1270 1645 1396 1706 diversor
1413 1649 1538 1725 reperies
1554 1644 1685 1708 liitterus
1696 1645 1738 1727 lin
1761 1644 1860 1708 codice
1874 1648 2012 1726 reportem

315 1751 459 1836 scriptum
491 1771 555 1818 esse
587 1754 676 1838 idque
698 1765 797 1819 vetere
826 1773 916 1818 manu
947 1756 979 1817 in
1012 1759 1152 1837 reperiere
1175 1765 1338 1820 correctum
1369 1776 1435 1820 esse
1456 1757 1586 1819 adnotat.
1631 1757 1664 1819 ln
1686 1757 1743 1820 boe
1764 1758 1936 1819 testimonio
1958 1758 2014 1820 tris

315 1873 387 1932 sunt
401 1867 480 1932 vitia.
524 1868 658 1932 Primum
674 1869 753 1931 enisu
776 1867 913 1931 librarius
936 1887 996 1930 non
1019 1869 1139 1950 scripsit
1160 1873 1297 1950 reperires
1320 1871 1410 1951 (quod
1431 1870 1584 1950 scripsisse
1604 1885 1672 1930 cum
1688 1869 1754 1950 quis
1769 1868 1878 1940 credet,
1901 1870 2015 1932 etiarnsi

314 1981 424 2046 librum
446 1982 543 2062 ipsum
568 1998 628 2043 non
650 1977 859 2062 insperanti),
881 1983 935 2044 sed
949 1986 1084 2062 reperias.
1130 1981 1202 2044 Nam
1218 1982 1293 2044 dnae
1315 1983 1345 2044 in
1362 1981 1492 2045 ldediceo
1508 1981 1605 2062 primo
1628 1985 1739 2044 formae
1762 1991 1833 2044 sunt
1855 1981 1973 2046 litterae
1989 2003 2016 2054 o,

315 2112 442 2176 quarum
465 2093 564 2168 altera,
588 2095 730 2175 qnoniam
753 2093 898 2158 duabusc
919 2093 1024 2157 litteris
1047 2094 1212 2158 coniunctis
1235 2093 1422 2175 aliquatenus
1444 2095 1548 2156 similis
1571 2105 1625 2168 est,
1649 2095 1794 2158 liitterum
1812 2094 1868 2156 boc
1882 2096 1946 2158 loco
1962 2096 2016 2158 de·

315 2207 400 2288 cepit.
445 2207 663 2270 correctionem
687 2225 755 2269 vero
779 2224 840 2270 non
861 2207 931 2271 lecit
955 2217 1039 2272 retus
1061 2207 1156 2288 aliqua
1180 2225 1293 2280 manus,
1317 2209 1368 2269 sed
1393 2209 1455 2289 ipse
1477 2207 1621 2280 librarius,
1645 2226 1700 2270 nec
1722 2207 1908 2270 correctione
1930 2209 2019 2270 eliac·

315 2329 379 2382 turn
402 2329 447 2382 ost
469 2323 614 2402 repetitos,
636 2322 688 2384 sed
709 2323 846 2402 reponem
880 2339 949 2383 nam
977 2319 1112 2383 librarius
1147 2338 1214 2382 cum
1238 2320 1452 2382 correctionem
1476 2321 1567 2401 priori
1591 2321 1667 2402 parti
1688 2340 1708 2383 ιι
1729 2320 1844 2382 litterae
1867 2320 2017 2394 affixisset,

315 2432 509 2513 posteriorem
531 2442 645 2514 partem
662 2434 706 2495 rel
723 2452 892 2515 expungere
915 2433 957 2495 rel
981 2443 1148 2496 transversa
1171 2433 1248 2494 linea
1271 2433 1373 2496 tollere
1396 2432 1573 2513 supersedit.
1617 2433 1695 2496 llaec
1717 2433 1814 2494 omnia
1837 2441 1905 2494 ante
1920 2431 2018 2494 liitte·

314 2562 382 2606 rnm
404 2553 485 2607 recte
508 2545 620 2610 dixerat
636 2546 778 2618 liederus,
801 2546 848 2608 ille
871 2544 901 2608 in
923 2545 1022 2626 peiora
1046 2545 1126 2607 abiit.
1170 2546 1283 2626 ltaque,
1307 2545 1449 2626 quoniam
1473 2546 1524 2618 eis,
1547 2564 1623 2626 quae
1637 2545 1773 2608 librarius
1796 2545 1860 2625 ipse
1882 2547 2015 2618 mutarit,

313 2656 387 2718 lidos
407 2656 538 2720 babenda
562 2665 616 2734 est,
638 2659 697 2720 iarn
720 2668 835 2722 certum
858 2668 904 2722 ost
926 2657 1079 2739 scripsisse
1094 2657 1228 2720 Tacitum
1251 2661 1382 2740 reperies,
1407 2675 1468 2719 non
1490 2663 1628 2740 reperior.
1672 2656 1763 2738 ldqne
1780 2656 1897 2720 duobus
1913 2677 2016 2720 exorn-

313 2769 370 2849 plis
392 2769 578 2833 confirmavit
601 2771 813 2852 Nipperdeius;
837 2790 891 2851 ego
915 2771 1035 2834 tertium
1059 2769 1115 2833 boc
1135 2770 1277 2850 adiungo:
1311 2771 1425 2833 divitiae
1447 2781 1473 2834 et
1495 2791 1568 2853 opes,
1591 2789 1662 2853 patos
1683 2771 1802 2851 [acilius
1821 2773 1947 2833 ιἰιυιιιιίι
1969 2774 2019 2851 pati

312 2885 451 2962 vituperet
471 2901 558 2965 φιιιιι
580 2887 630 2964 pai
648 2885 778 2965 smttdtbt
800 2885 885 2960 (liial.
901 2884 930 2958 8,
947 2881 1010 2963 28).
1056 2882 1133 2946 lllius
1150 2893 1257 2956 autem,
1281 2883 1317 2944 de
1333 2901 1390 2962 qua
1411 2884 1498 2945 modo
1513 2884 1581 2954 dixi,
1604 2882 1830 2947 consuetudinis
1847 2883 2013 2961 corrigendi

313 2995 404 3075 pauca
439 3001 545 3078 (eaque
566 2997 709 3077 insignia)
742 2998 874 3079 exempla
907 2998 1013 3059 addere
1039 2998 1110 3061 satis
1140 2997 1206 3059 erit.
1250 2997 1284 3059 lV
1301 2997 1386 3070 45,6
1422 3005 1546 3078 uterque
1579 2995 1675 3058 editor
1708 2994 1817 3058 librum
1851 2993 2014 3058 ldedicenm

311 3109 483 3188 [rubtrotsu
503 3127 557 3189 pro
578 3112 743 3191 [ιιιιιιιιιιιι
757 3113 897 3192 praebere
920 3119 1057 3174 testatur.
1102 3111 1273 3174 Incredibile
1297 3111 1325 3173 id
1342 3111 1461 3192 quidem
1485 3109 1595 3191 (neque
1616 3110 1695 3172 enim
1712 3107 1862 3190 quaelibet
1876 3127 1930 3189 pro
1946 3109 2017 3190 qui-

313 3218 442 3282 buslibet
466 3233 633 3301 posnerunt
654 3223 787 3298 librarii),
811 3241 867 3285 nee
889 3242 1000 3288 rerum.
1046 3224 1119 3286 Nam
1143 3224 1185 3285 sic
1207 3243 1240 3286 se
1262 3241 1309 3285 res
1331 3223 1434 3286 babet:
1460 3221 1607 3296 librarius,
1630 3240 1698 3285 cnm
1720 3221 1751 3283 in
1774 3222 1933 3283 secundem
1957 3221 2017 3301 spl-

313 3332 407 3396 labam
431 3332 571 3396 aberrans
593 3335 646 3414 [ro
667 3335 835 3416 scripsisset
856 3355 910 3416 pro
931 3338 994 3417 fro,
1019 3346 1174 3417 perspecto
1198 3353 1296 3398 errore
1319 3354 1374 3398 suo
1396 3355 1417 3396 ιι
1440 3335 1477 3396 ita
1502 3335 1608 3408 effecit,
1631 3344 1665 3396 ut
1680 3333 1874 3415 posteriorem
1897 3344 2012 3414 partem

313 3464 332 3506 o
353 3446 468 3509 litterae
489 3457 663 3521 assumeret,
685 3448 814 3528 priorem
837 3449 1030 3530 relinqueret.
1076 3447 1135 3510 Nec
1156 3448 1336 3511 credendum
1362 3457 1415 3510 aut
1433 3447 1546 3510 liittero
1569 3446 1673 3518 tvos,
1692 3449 1730 3508 15
1752 3446 1783 3508 in
1806 3445 1935 3508 llediceo
1957 3463 2012 3526 pro

312 3563 414 3640 stropia
436 3561 579 3642 scripturn
604 3581 671 3624 esee
691 3567 796 3643 stoopr's
818 3597 858 3607 —
881 3581 986 3625 namo
1008 3562 1152 3634 librarius,
1175 3562 1253 3643 quod
1274 3581 1328 3642 per
1353 3578 1484 3623 errorem
1508 3567 1703 3642 praeceperat,
1727 3559 1767 3620 ita
1789 3559 1918 3620 correxit
1940 3558 1970 3620 in
1985 3575 2011 3632 r,

314 3682 347 3734 ut
369 3672 520 3736 sinistram
545 3675 622 3738 illius
645 3676 760 3738 litterae
785 3683 899 3757 partem
923 3694 985 3738 non
1008 3677 1181 3738 deleret-
1204 3682 1255 3736 aut
1276 3674 1392 3736 Baitero
1415 3684 1444 3736 et
1466 3672 1579 3736 lilttsro
1602 3671 1640 3734 Vl
1655 3671 1705 3746 37,
1721 3672 1762 3734 20
1785 3671 1934 3734 librarium
1958 3687 2011 3752 pro
2068 3757 2071 3768 Ι

206 3799 209 3807 ·
317 3784 447 3850 Vitellius
467 3787 623 3868 scripsisse
644 3787 774 3852 Vitellelis
797 3789 889 3870 (quod
904 3789 1028 3870 prodigii
1044 3789 1138 3850 instar
1153 3787 1253 3866 esset).
1298 3787 1372 3848 Nam
1389 3805 1455 3849 cum
1473 3794 1538 3868 post
1559 3786 1639 3849 uitell
1660 3786 1773 3849 litteras
1789 3785 1815 3846 el
1830 3784 1904 3846 male
1926 3801 2012 3866 repe-

314 3896 438 3971 tivisset‚
460 3899 522 3962 riso
546 3917 646 3964 errore
660 3919 675 3962 a
690 3901 814 3962 mumvit
835 3902 866 3964 in
882 3905 900 3974 i,
925 3900 983 3963 lin
1004 3921 1025 3964 ιι
1046 3905 1093 3978 (ac
1114 3900 1157 3962 sic
1179 3899 1276 3962 effecit
1302 3899 1457 3978 vualterum
1484 3919 1560 3979 qnae
1583 3907 1682 3961 autern
1706 3906 1774 3980 post
1796 3897 2010 3960 correctionem

313 4030 348 4072 ex
369 4011 476 4075 litteris
497 4032 513 4074 e
534 4023 561 4077 et
585 4013 597 4074 l
619 4023 804 4095 supererant,
838 4032 872 4076 ea
901 4014 1007 4076 intacta
1030 4012 1158 4094 reliquit.
1203 4013 1263 4074 Neo
1285 4015 1370 4074 Attus
1393 4011 1517 4075 Clausus
1539 4010 1681 4085 1v9,10
1704 4011 1736 4073 in
1758 4009 1859 4072 codice
1882 4009 2010 4073 llediceo

313 4124 484 4188 nominatur
502 4125 583 4190 Attus
606 4125 729 4200 θιιιιιιι,
754 4135 786 4188 ut
808 4135 853 4188 est
874 4126 950 4206 apud
966 4126 1124 4202 liitterum,
1147 4127 1199 4188 sed
1222 4142 1310 4188 suurn
1334 4125 1374 4187 ibi
1395 4126 1485 4187 babet
1506 4142 1632 4200 nomen3
1655 4141 1725 4187 narn
1740 4143 1760 4185 ιι
1775 4123 1880 4186 eadem
1903 4141 2009 4186 manus

314 4239 441 4302 currerit
463 4257 497 4300 ex
519 4260 542 4313 ι,
565 4238 644 4320 quod
669 4240 743 4301 orale
767 4245 963 4320 praeceperat.
1008 4238 1106 4300 Etiam
1131 4238 1220 4300 multa
1243 4237 1296 4299 alia
1325 4245 1404 4300 recte
1426 4237 1534 4318 scripta
1555 4244 1626 4300 sunt
1648 4238 1679 4298 in
1703 4235 1833 4298 llediceo
1856 4236 1954 4315 primo
1977 4253 2011 4298 ao

314 4369 497 4433 nequaqnam
521 4361 659 4434 corrupta
680 4352 723 4415 eis
746 4351 830 4426 vitiis,
854 4369 929 4433 qnae
948 4351 1077 4414 liitterus
1099 4351 1146 4430 (ac
1161 4357 1275 4432 partem
1290 4367 1396 4413 eorum
1411 4349 1557 4426 Baiterus)
1581 4349 1743 4431 repperisse
1765 4345 1822 4410 sibi
1846 4345 2008 4410 videbatur.

313 4464 399 4526 llelut
420 4464 555 4528 librarius
578 4465 696 4546 scripsit
717 4465 728 4527 l
752 4466 832 4535 1,11
863 4465 1027 4529 adulatione
1048 4463 1096 4544 (ll.
1112 4464 1308 4540 adulacione),
1343 4462 1394 4538 64,
1417 4461 1454 4524 19
1477 4464 1574 4525 mam
1597 4462 1642 4538 (B.
1665 4469 1695 4522 et
1710 4461 1745 4522 ll.
1768 4460 1873 4540 ῑιιιιιι),
1901 4457 2008 4532 81,10

313 4577 494 4660 confiderem.
516 4583 637 4659 spetioso
658 4583 731 4654 (non
753 4578 932 4660 confiderent.
955 4582 986 4639 io
1006 4582 1136 4658 spetiosa
1160 4587 1192 4640 ut
1207 4577 1248 4638 ait
1262 4577 1307 4648 ll„
1330 4577 1380 4657 qui
1404 4596 1438 4638 err
1460 4576 1510 4637 illo
1531 4581 1571 4646 ιἰι,
1594 4575 1673 4655 qnod
1698 4572 1811 4635 nullum
1835 4581 1881 4634 ost
1902 4571 1934 4634 in
1956 4590 2010 4634 co-

313 4690 386 4762 dice,
409 4691 506 4754 effecit
527 4691 583 4764 eo),
606 4689 904 4763 dilucescente
926 4691 973 4766 (ll.
996 4690 1132 4771 meato),
1157 4689 1206 4762 73,
1226 4689 1263 4752 13
1287 4686 1336 4752 crit
1358 4689 1389 4768 (i.
1407 4710 1431 4749 e.
1456 4699 1559 4760 cotem,
1577 4685 1610 4748 tt.
1631 4687 1704 4765 oct),
1728 4687 1762 4747 tv
1783 4683 1869 4759 25,5
1892 4687 2010 4766 ipocroe

313 4804 358 4883 (Β.
379 4812 410 4866 ιι
431 4805 466 4865 ll.
487 4806 610 4885 iecore),
631 4801 739 4876 71,18
758 4808 972 4886 prosecemtpree
994 4803 1039 4884 (u.
1069 4813 1099 4866 et
1120 4803 1153 4864 u.
1175 4802 1415 4886 probrumque),
1449 4802 1485 4864 vt
1513 4801 1541 4873 7,
1568 4800 1587 4862 9
1620 4799 1763 4862 Minacias
1785 4799 1831 4874 (ll.
1848 4795 2008 4877 ldiaotius).

312 4914 370 4989 l8,
389 4916 427 4978 12
450 4917 604 4997 scripsisse
625 4915 779 4979 librarium
798 4927 895 4998 portat
915 4935 969 4997 pro
990 4927 1089 4998 porto,
1124 4914 1175 4990 28,
1197 4915 1237 4978 23
1266 4926 1438 4980 oamtercoo
1461 4934 1514 4996 pro
1538 4933 1556 4976 o
1576 4923 1720 4983 ueterano,
1744 4911 1794 4984 35,
1813 4909 1851 4974 18
1873 4916 2009 4991 impactus

313 5049 367 5112 pro
389 5033 551 5112 inpertire,
586 5028 670 5099 41‚3
694 5030 901 5092 conturberniis
924 5048 976 5110 pro
1000 5031 1191 5094 contuberniis
1212 5048 1315 5092 verum
1338 5039 1397 5102 est3
1431 5037 1461 5091 at
1489 5028 1617 5090 eundem
1641 5045 1715 5108 quae
1738 5043 1826 5105 prave
1848 5023 2010 5095 addiderat,

313 5143 419 5206 lineola
435 5141 579 5205 delevisse
593 5149 697 5206 neuter
711 5141 845 5224 priorum
863 5141 946 5204 dixit.
979 5141 1107 5218 1139,8
1130 5161 1227 5206 coram
1241 5162 1296 5225 pro
1313 5142 1414 5207 Cosam
1437 5143 1479 5219 (id
1496 5141 1575 5204 enim
1596 5147 1641 5202 est
1656 5137 1864 5219 promunturio
1887 5139 2010 5212 nornen)
