4646 5766
291 1607 478 1708 Fridericus
501 1643 613 1717 lincke,
635 1661 738 1706 eorum
762 1661 838 1724 quae
860 1643 979 1706 Tacitus
1003 1643 1039 1706 de
1055 1645 1223 1708 Germanici
1239 1645 1369 1709 Caesaris
1393 1645 1618 1708 transrhenanis
1642 1646 1723 1708 bellis
1746 1648 1908 1710 memoriae
1929 1668 1999 1730 pro·

214 1777 219 1792 ι
292 1755 373 1827 didit,
397 1755 512 1818 subtilis
534 1753 683 1837 interpres
705 1755 845 1836 idemque
867 1757 1015 1819 sermonis
1039 1757 1131 1820 Taciti
1155 1758 1336 1820 existimator
1358 1757 1487 1837 elegans,
1520 1759 1552 1819 in
1587 1778 1621 1820 eo
1650 1769 1885 1840 programmate,
1919 1764 1999 1842 quod

292 1869 412 1950 scripsit
433 1869 470 1930 de
493 1869 685 1950 comparativi
705 1869 804 1949 plures
827 1871 904 1951 apud
920 1869 1054 1932 Tacitum
1079 1887 1144 1944 usu,
1168 1871 1233 1951 ps
1255 1871 1291 1933 de
1314 1871 1358 1932 his
1380 1871 1478 1934 verbis
1501 1871 1579 1950 regis
1602 1871 1733 1933 Carataci
1757 1871 1889 1934 disserit:
1912 1892 2001 1955 cepoe

291 1983 458 2064 dedignatus
480 2000 551 2044 esses
573 1979 660 2043 eune
681 1983 838 2044 oratoribus
860 1993 968 2056 ortum,
994 1982 1128 2063 plurilus
1147 1983 1277 2064 genetibus
1298 1987 1507 2064 imperitantem
1527 1985 1644 2064 [cedere
1663 2002 1764 2063 pacem
1786 1989 1913 2067 occipere
1935 1985 2000 2062 (llll

292 2095 342 2167 37,
360 2094 402 2176 t).
448 2093 520 2168 „llio
537 2095 625 2174 liegel
647 2093 717 2168 ist‘,
739 2095 846 2174 inquit,
869 2095 954 2167 „dass
970 2094 1019 2158 ein
1035 2095 1124 2157 Fdrst
1145 2115 1203 2158 nur
1226 2095 1298 2158 tiber
1320 2096 1367 2158 ein
1383 2095 1456 2157 Vollr
1478 2095 1624 2158 berrscbt.
1669 2097 1825 2159 Caratacus
1848 2097 1913 2159 that
1935 2098 1999 2160 sicb

291 2207 361 2270 aber
384 2217 474 2271 etwas
497 2206 602 2269 darauf
615 2226 651 2268 zu
668 2215 746 2286 gnte,
769 2206 834 2268 dass
850 2227 884 2270 er
906 2207 978 2270 suber
1001 2208 1087 2270 mehr
1108 2208 1150 2270 als
1166 2209 1214 2270 ein
1231 2208 1301 2271 Vollr
1323 2208 1496 2288 geberrscht
1510 2207 1614 2271 babe.“
1645 2209 1711 2270 Non
1727 2218 1773 2270 est
1793 2210 1871 2291 quod
1896 2219 1998 2274 contra

291 2320 395 2393 dicam,
418 2331 507 2400 atque
528 2319 616 2381 etiam
640 2319 767 2380 libenter
788 2319 884 2382 fateor
906 2320 984 2382 banc
1005 2321 1278 2400 interpretationem
1303 2320 1384 2401 copia
1408 2320 1550 2384 similium
1574 2321 1707 2383 locorum
1724 2340 1800 2402 quos
1822 2322 1870 2384 ille
1892 2323 1997 2386 eodem

291 2432 448 2512 congessit,
470 2431 546 2492 bene
569 2431 703 2493 stabiliri.
748 2434 789 2492 dc
811 2441 910 2494 tanmn
933 2433 980 2495 ille
1002 2433 1034 2495 in
1057 2432 1113 2494 boc
1141 2434 1207 2494 loco
1230 2451 1351 2514 operam
1374 2433 1517 2514 perdidit;
1551 2433 1704 2498 nesciebat
1725 2435 1805 2496 enim
1828 2435 1899 2514 (nec
1921 2435 1997 2498 scire

291 2546 401 2626 potuit)
423 2544 455 2606 in
477 2544 578 2607 codice
595 2544 670 2606 baud
687 2542 778 2606 dubie
792 2563 826 2606 ac
844 2543 911 2608 sine
934 2546 991 2608 ulla
1013 2546 1197 2608 correctione
1219 2555 1269 2608 aut
1290 2564 1392 2608 rasum
1415 2547 1557 2626 scriptum
1580 2564 1646 2608 esse
1665 2546 1720 2626 plo
1742 2547 1801 2620 (bic
1815 2547 1996 2610 terminatur

290 2657 406 2738 versus)
428 2661 510 2720 mmet
522 2657 661 2738 pentilus.
706 2657 819 2718 Falsam
835 2658 1024 2738 scripturam,
1047 2677 1113 2720 cum
1131 2659 1162 2720 in
1178 2659 1311 2722 Beroaldi
1327 2659 1488 2723 editionem
1503 2657 1688 2738 inrepsisset,
1711 2659 1782 2721 inde
1804 2678 1858 2740 per
1879 2677 1994 2738 omnes,

290 2789 364 2850 quae
387 2778 506 2832 secutae
521 2779 600 2843 sunt,
624 2769 768 2832 editiones
782 2781 974 2852 propagatam
995 2771 1101 2833 neceb
1116 2771 1176 2833 ullo
1199 2789 1315 2845 eorum,
1338 2772 1388 2852 qui
1403 2771 1504 2851 ipsum
1520 2771 1652 2833 codicem
1669 2771 1873 2851 inspexerunt,
1896 2790 1993 2834 veram

291 2883 441 2945 inventam
465 2901 530 2945 esse
552 2882 692 2954 mirarer,
726 2883 785 2944 nisi
818 2883 850 2945 in
876 2884 967 2946 rebus
998 2883 1137 2946 humanis
1159 2884 1264 2946 similis
1288 2885 1367 2946 baud
1388 2901 1457 2946 raro
1481 2884 1612 2947 accidere
1634 2892 1819 2964 compertum
1843 2883 1993 2948 haberem.

291 2996 474 3077 Scripturam
497 3004 594 3058 autem
618 2995 726 3057 codicis
749 2997 958 3059 commendare
981 2997 1055 3058 nihil
1077 3014 1162 3077 opus.

432 3107 528 3170 Etiam
552 3106 646 3186 magis
669 3105 804 3169 rnirabile
827 3115 881 3182 est,
905 3109 984 3189 quod
1007 3109 1142 3170 Raitcrus
1166 3116 1196 3170 et
1218 3109 1350 3171 liitterus
1366 3107 1429 3170 xvt
1445 3107 1528 3180 bill
1555 3107 1710 3170 locativum
1733 3108 1833 3170 domni
1852 3109 1884 3171 in
1899 3109 1992 3171 lledi-

290 3241 343 3284 ceo
365 3223 508 3302 scriptum
532 3239 598 3282 esse
622 3238 768 3283 consensu
785 3228 941 3293 testantur,
965 3240 1033 3284 cum
1049 3230 1150 3302 aperte
1172 3221 1315 3302 scriptum
1339 3221 1377 3282 sit
1399 3221 1485 3282 domi.
1529 3219 1685 3282 Editornm
1702 3221 1832 3302 plerique
1848 3221 1904 3283 boc
1923 3221 1993 3284 uni-

292 3352 358 3397 cum
381 3336 460 3415 apud
477 3333 610 3396 Tacitum
627 3333 733 3396 ueteris
756 3333 881 3406 formae,
904 3343 937 3395 ut
952 3334 1103 3417 putabant,
1126 3334 1294 3414 exemplum
1309 3333 1357 3414 pia
1379 3333 1543 3395 reuerentia
1566 3334 1723 3395 colendum
1747 3352 1781 3395 ac
1803 3333 1991 3397 retinendum

290 3467 356 3509 esse
378 3455 574 3521 censuerunt3
607 3445 692 3527 pauci
721 3464 787 3508 cum
813 3447 953 3509 mirantes
976 3447 1183 3528 quaesiissent,
1212 3466 1266 3509 cur
1286 3446 1414 3518 Tacitus,
1446 3464 1514 3507 cum
1538 3446 1656 3508 circiter
1678 3446 1799 3508 triciens
1822 3441 1992 3527 scripsisset

291 3561 375 3629 domi,
398 3560 454 3620 boc
474 3578 533 3621 uno
548 3559 614 3621 loco
637 3559 760 3621 locatim
784 3578 849 3621 eam
871 3559 997 3621 formam
1021 3559 1159 3634 dedisset,
1183 3578 1270 3639 quam
1287 3559 1385 3621 dativo
1400 3559 1568 3632 reservavit,
1590 3559 1729 3621 audacter
1752 3559 1894 3622 mutando
1916 3560 1990 3622 soli·

290 3682 350 3735 tam
373 3672 489 3734 locatiui
511 3673 637 3734 sormam
661 3673 867 3735 restituerunt.
911 3674 953 3733 dc
975 3673 1046 3742 iure,
1070 3673 1222 3752 nisiquod
1246 3672 1302 3732 iam
1327 3670 1494 3732 mutatione
1516 3689 1591 3750 opus
1613 3689 1674 3732 non
1696 3691 1759 3734 esse
1780 3671 1899 3734 scimus.
1931 3673 1990 3752 lgi-

290 3795 339 3847 tur
361 3784 526 3848 tollendum
548 3792 594 3846 est
614 3784 670 3846 boc
691 3784 805 3847 locativi
828 3783 926 3846 domei
945 3785 1112 3867 exemplum
1143 3801 1205 3845 non
1228 3783 1317 3846 modo
1341 3803 1376 3845 eu
1398 3782 1488 3846 lexico
1511 3783 1638 3856 Taciteo,
1665 3783 1716 3846 sed
1740 3783 1826 3846 etiam
1850 3803 1885 3846 eu
1907 3783 1988 3847 libris

290 3897 498 3976 grammaticis,
520 3897 552 3959 in
574 3916 649 3978 quos
671 3917 708 3959 ex
729 3896 908 3959 testimoniis
930 3895 1038 3960 Briteri
1061 3907 1091 3960 et
1112 3897 1217 3958 llitteri
1240 3897 1414 3959 translatum
1437 3895 1523 3974 est1).

433 4009 512 4072 Haec
534 4028 589 4089 ego
612 4018 642 4070 et
663 4027 738 4090 quae
761 4008 900 4090 deinceps
923 4009 1082 4090 proferam,
1105 4009 1215 4082 inveni,
1239 4027 1306 4070 cum
1330 4007 1545 4070 Laurentianus
1569 4008 1685 4070 codices
1705 4007 1735 4068 P.
1752 4008 1880 4070 Cornelii
1896 4009 1986 4072 Taciti

290 4159 331 4169 -
354 4142 422 4185 nam
447 4123 475 4184 id
498 4122 524 4184 ei
547 4139 729 4203 praenomen
763 4121 854 4183 luisse
886 4121 975 4184 hodie
1007 4131 1124 4184 constat
1144 4155 1186 4166 -
1208 4121 1351 4183 librorum
1384 4120 1420 4182 ab
1447 4138 1570 4182 excessu
1593 4120 1655 4182 llivi
1677 4121 1799 4202 Augusti
1822 4121 1988 4183 Florentiae

290 4236 442 4300 mensibus
464 4235 624 4298 Nouembri
646 4243 677 4296 et
699 4233 852 4296 Decembri
875 4253 901 4297 a.
927 4233 1007 4297 1890
1031 4245 1211 4307 excuterem,
1246 4253 1321 4314 quae
1345 4251 1433 4314 opera
1457 4250 1525 4295 cum
1549 4232 1622 4295 mibi
1645 4251 1697 4314 per
1720 4252 1751 4296 se
1772 4234 1835 4314 ipsa
1859 4233 1987 4297 iucunda

423 4500 517 4565 ¹)an
536 4499 566 4550 de
584 4495 674 4550 lor-mis
691 4498 844 4566 quorundam
863 4497 1043 4550 vocabulorum
1061 4497 1158 4548 minora
1178 4497 1242 4547 eddo
1260 4496 1335 4548 baec:
1358 4495 1417 4548 xtv
1437 4497 1476 4560 23,
1499 4497 1529 4550 10
1547 4493 1653 4546 'Tacitus
1671 4497 1778 4563 scripsit
1812 4495 1989 4550 misericordiis

289 4587 424 4642 aduersum
451 4586 584 4658 supplices,
610 4587 736 4638 celeritate
760 4585 883 4637 edverm
908 4586 1035 4654 profisgos
1061 4586 1128 4648 (nem
1154 4585 1192 4634 sic
1210 4584 1293 4634 estin
1313 4583 1438 4646 llediceo;
1469 4581 1534 4634 ialso
1562 4583 1663 4649 priores
1688 4581 1811 4635 edemus
1836 4584 1988 4652 supplices).

288 4673 409 4740 1159,st
428 4675 453 4726 ll.
472 4671 698 4726 allucinatum
724 4669 892 4723 inadversose
918 4679 1060 4722 correctum
1079 4684 1135 4722 esse
1154 4669 1250 4720 dicunt.
1286 4669 1336 4720 Cur
1354 4670 1433 4735 igitur
1449 4668 1587 4721 aduersum
1615 4671 1730 4721 scribere
1754 4671 1899 4722 maluerunt
1916 4687 1988 4738 quam

289 4761 432 4815 adversust
466 4760 530 4813 Nam
547 4761 668 4812 librarius
696 4761 750 4826 ipse
778 4761 836 4825 quiri
856 4757 1009 4821 eorrexerit,
1033 4757 1135 4808 dubium
1155 4773 1202 4807 non
1222 4763 1269 4808 est.
1305 4755 1358 4819 Ego
1377 4771 1474 4824 quoque
1495 4755 1630 4808 aduersum
1649 4755 1767 4824 praefero
1795 4787 1828 4794 —
1855 4774 1909 4810 nem
1927 4759 1989 4809 bsec

289 4847 379 4912 forne,
397 4849 448 4902 etsi
466 4848 544 4900 multo
564 4853 605 4900 est
623 4847 709 4898 rarior
727 4846 820 4908 altere,
847 4845 949 4912 saepias
976 4851 1059 4896 tamen
1087 4851 1146 4894 ante
1165 4843 1268 4896 vocales
1286 4845 1424 4910 reperitur,
1448 4845 1664 4910 sequitursutem
1683 4845 1805 4896 hocloco
1825 4847 1937 4910 ingentis
1956 4873 1988 4882 -

290 4952 369 5004 seque
387 4951 461 4987 cause
483 4942 535 5000 cst,
560 4950 606 4985 cnr
623 4933 757 4987 librarium
774 4930 895 4984 aduersus
915 4934 942 4983 in
960 4930 1095 4983 adversum
1122 4937 1233 4982 nutasse
1255 4928 1369 4993 credam3
1396 4944 1451 4980 uam
1474 4930 1528 4996 ipsa
1547 4931 1646 4997 speeies
1664 4930 1833 4982 correctionis
1852 4937 1878 4982 et
1896 4931 1944 4982 bne
1963 4938 1989 4983 et

291 5023 356 5076 illud
376 5024 446 5091 prins
464 5023 586 5089 scriptun
606 5020 686 5073 inisse
704 5021 807 5073 eredere
826 5037 871 5070 nce
891 5019 994 5085 petitur.
1019 5015 1067 5068 ΧΗ
1079 5019 1119 5080 57,
1131 5019 1146 5067 d
1160 5015 1225 5068 lalsn
1243 5015 1364 5067 scribitur
1382 5030 1484 5080 rursus,
1502 5030 1557 5066 nam
1571 5017 1595 5066 in
1611 5015 1778 5092 llediceo'est
1791 5031 1910 5079 rursum
1930 5017 1989 5067 item

290 5109 340 5162 XV
353 5109 422 5173 45st
441 5111 587 5174 cimlatmng
611 5123 665 5159 nam
684 5109 710 5159 ia
729 5107 816 5160 codice
835 5108 974 5158 ciuitatium
1002 5105 1122 5172 scripturn
1141 5110 1189 5169 est,
1206 5102 1270 5170 quod
1289 5117 1337 5153 non
1357 5101 1421 5154 vidit
1439 5101 1561 5167 llitterns,
1589 5111 1648 5154 ante
1667 5116 1722 5153 eum
1742 5102 1844 5154 viderat
1863 5103 1988 5154 Baiterns.

290 5195 394 5250 Tacitus
414 5203 522 5264 atraque
539 5194 621 5247 turma
638 5195 728 5258 utitur,
748 5195 792 5246 sed
810 5195 911 5261 saepius
931 5191 1055 5260 pleniore.
