4646 5766
1033 356 1254 422 ..13-

291 534 339 596 llll
356 535 407 610 bil,
426 533 477 608 20,
501 545 634 614 tempore
650 553 685 596 ac
699 535 764 596 loco
780 533 877 596 credis
892 535 1027 596 nondum
1044 537 1218 614 constituto,
1239 535 1351 616 cepisse
1366 535 1510 616 impetum
1526 536 1598 600 dicit
1613 535 1762 600 Neronem
1778 547 1827 601 aut
1843 537 1874 600 in
1889 557 1995 602 scaena

290 657 446 711 canentem
474 657 525 710 sut
551 665 605 728 per
636 656 754 710 troctem
778 645 837 709 bisc
859 647 926 710 illuc
948 653 1119 710 cursantem
1142 647 1342 727 adgrediendi.
1386 647 1453 720 Hic,
1485 649 1595 731 inquit,
1624 653 1732 713 occano
1752 650 1928 732 solitudinis,
1955 651 1998 714 ibi

289 765 353 843 ipsa
384 761 549 842 frequentia
581 763 656 823 rusti
687 761 795 822 decoris
820 763 897 822 tesn's
924 759 1118 840 publessinra
1151 763 1280 824 annuunt
1313 761 1571 845 eetinnlmrnnt,
1605 765 1664 825 nisi
1692 766 1863 844 inpunitatis
1895 766 1997 849 cupido

290 878 466 949 retinuisset,
499 877 610 954 napsis
642 889 753 952 sesnper
778 872 924 936 seuseu
953 873 1085 936 adesma.
1134 872 1168 934 ln
1196 873 1242 934 bis
1271 872 1343 936 mibi
1377 873 1511 954 displicet
1539 877 1709 956 inpunitatis
1741 880 1995 942 commemoratio.

291 985 361 1052 Eius
392 985 470 1049 enim
501 985 661 1066 cupiditate
690 986 716 1047 ei
744 985 862 1047 incendi
889 985 1001 1056 solent,
1033 985 1083 1066 qui
1110 984 1229 1067 sliqnod
1257 985 1371 1048 lacinus
1395 987 1610 1050 commiserunt
1632 985 1704 1068 (qus
1726 1005 1813 1069 secpe
1836 990 1996 1073 cupiditate

295 1101 497 1184 impellantur,
520 1107 555 1162 nt
576 1099 712 1162 conscios
735 1099 832 1172 edant,
856 1100 935 1162 relut
958 1097 1095 1161 Lucanus
1110 1097 1348 1180 Quintianusque
1371 1109 1400 1160 et
1415 1099 1539 1161 Senecio
1562 1099 1708 1180 promissa
1743 1099 1907 1181 inpunitate
1929 1121 1995 1166 cor-

290 1215 372 1295 rapti
394 1221 479 1276 sunt:
503 1211 619 1286 1156,
638 1211 700 1288 131,
724 1231 785 1274 non
801 1211 852 1294 qui
868 1211 1054 1275 commissuri
1070 1222 1151 1274 sont
1189 1211 1291 1294 ltaque
1309 1220 1371 1275 tum
1388 1232 1455 1276 cnm
1472 1213 1508 1274 de
1524 1213 1611 1274 ccede
1627 1212 1794 1294 epiteretur,
1818 1215 1995 1297 inpunitatis

290 1326 398 1407 cupido
420 1325 519 1406 potuit
533 1323 674 1388 Subrium
692 1323 811 1386 Flevum
836 1325 995 1406 impellere,
1018 1333 1053 1386 ut
1073 1324 1209 1386 conscios
1232 1325 1343 1398 ederet,
1367 1343 1429 1386 non
1445 1325 1542 1406 potuit
1558 1342 1625 1388 enm
1642 1325 1808 1406 probibere,
1832 1329 1995 1410 quominus

293 1439 411 1502 medem
436 1445 628 1520 perpetraret.
665 1435 741 1510 Quid
764 1435 855 1514 igitur
877 1455 945 1498 eum
968 1433 1112 1498 retinuit?
1149 1435 1216 1499 Non
1238 1455 1305 1518 spes
1321 1437 1507 1517 inpunitatis,
1531 1437 1582 1500 sed
1599 1437 1690 1500 nimia
1707 1437 1822 1501 risendi
1837 1441 1995 1522 cupiditas.

290 1551 340 1613 lllr
364 1551 451 1613 Mem
475 1548 649 1630 mmompit,
671 1550 696 1611 si
717 1550 767 1630 qni
783 1548 959 1630 deprehensi
975 1561 1055 1623 sunt,
1077 1561 1108 1612 et
1124 1549 1251 1632 prodere
1266 1549 1363 1613 socios
1377 1550 1466 1630 cogit,
1488 1550 1560 1613 baec
1575 1550 1691 1632 magnis
1706 1570 1825 1632 seraper
1839 1553 1995 1618 conatibus

290 1663 409 1726 adversa
432 1671 487 1736 est,
510 1663 582 1724 baec
604 1661 780 1742 plerumque
803 1678 926 1741 magnos
947 1661 1063 1724 animos
1086 1661 1222 1741 infringit
1244 1661 1293 1736 tlt.
1317 1661 1406 1736 vae,
1421 1661 1464 1743 2).
1511 1663 1591 1727 llilee
1612 1664 1704 1745 igitur
1725 1665 1786 1728 sire
1808 1665 1910 1730 salutis
1932 1666 1995 1730 sire

289 1776 496 1840 iseolrtsts'tats'e
527 1775 630 1855 cupido
664 1771 804 1837 Subrium
837 1773 957 1836 illarum
992 1772 1125 1835 retinuit.
1181 1772 1282 1854 ltaque
1316 1773 1373 1836 boe
1404 1783 1439 1836 nt
1471 1773 1605 1840 Tacitum
1641 1776 1796 1858 scripsisse
1829 1778 1994 1854 credemus,

289 1889 436 1953 renuntia
460 1905 638 1969 msgncpere
659 1887 776 1962 suadet3
799 1895 829 1948 at
850 1885 881 1948 in
903 1885 981 1948 libro
1003 1884 1133 1948 lledicee
1158 1885 1206 1948 bic
1228 1903 1331 1967 parurn
1355 1887 1455 1950 auxilii
1477 1899 1532 1952 est.
1578 1889 1716 1953 Vocabuli
1739 1887 1913 1972 inpunitatis
1935 1899 1994 1955 tres

290 2002 405 2085 primae
426 2000 552 2082 syllsbse
576 2001 688 2064 mocula
711 2001 836 2064 obrutae
858 2017 892 2062 sc
913 2007 1013 2060 minen
1037 2001 1075 2060 ita
1098 1998 1134 2060 eb
1156 1998 1221 2080 ipse
1244 1997 1365 2062 librario
1385 2001 1513 2086 scriptae
1535 2011 1617 2073 sunt,
1641 2011 1673 2063 ut
1697 2003 1776 2066 nobs
1791 2003 1890 2068 littera
1907 2001 1994 2066 dubia

291 2114 341 2176 sit.
379 2113 437 2177 Sed
460 2114 539 2177 inter
560 2133 581 2176 ss
602 2123 632 2176 et
654 2123 666 2176 t
687 2129 813 2176 tecnam
836 2111 963 2194 spatium
988 2121 1044 2181 est,
1067 2111 1097 2172 in
1122 2110 1221 2174 aredio
1235 2111 1331 2194 spatio
1346 2111 1431 2174 besta
1445 2123 1574 2200 apparet,
1597 2133 1686 2196 supra
1702 2115 1832 2196 spatium
1848 2115 1994 2199 scriptam

293 2235 339 2290 est
364 2231 406 2290 ssi.
450 2228 548 2310 Atque
570 2227 602 2288 in
623 2225 709 2289 initio
731 2225 865 2289 soaebnli
896 2231 963 2286 ente
991 2221 1008 2285 1
1034 2233 1155 2304 apparet
1182 2223 1225 2286 vel
1248 2243 1264 2287 c
1284 2224 1329 2286 rel
1352 2224 1465 2288 litterae
1492 2225 1651 2290 osinistra
1678 2245 1761 2310 pars,
1789 2237 1940 2311 postremo
1963 2229 1994 2292 in

293 2339 425 2420 margine
452 2339 589 2403 librarius
616 2339 680 2420 ipse
706 2337 862 2420 adscripsit
887 2341 962 2418 puni
986 2343 1074 2416 atqne
1097 2335 1201 2398 barum
1229 2337 1393 2401 litterarum
1423 2337 1496 2401 duas
1524 2339 1640 2420 priores
1666 2339 1742 2404 linea
1772 2341 1896 2404 traiecit.
1941 2339 1994 2405 llis

291 2453 398 2535 ecquid
419 2461 560 2532 aneatnr
581 2449 727 2515 dubitatio
749 2451 811 2526 ills,
841 2467 930 2529 quem
953 2447 1102 2511 sententia
1124 2456 1235 2523 moret,
1271 2467 1330 2512 non
1353 2449 1498 2514 diindico:
1526 2449 1655 2516 uiderint
1680 2452 1742 2528 alii,
1770 2465 1873 2518 unum
1896 2453 1993 2517 serios

291 2584 381 2646 qaam
405 2583 457 2646 prr
480 2574 533 2638 est,
555 2563 722 2628 sententiae
743 2562 887 2628 institisse
908 2581 944 2624 sc
957 2561 1091 2624 Taciturn
1111 2561 1209 2642 ipsum
1232 2562 1395 2624 correxisse
1417 2579 1455 2624 an
1471 2563 1551 2646 qnod
1565 2563 1635 2627 huie
1656 2565 1721 2628 loco
1737 2565 1992 2630 accommodatum

291 2687 346 2751 est,
368 2678 535 2760 repperisse
557 2689 646 2759 atque
667 2677 759 2758 ipsius
782 2675 891 2740 codicis
913 2691 1032 2756 quoqne
1054 2674 1262 2756 qualicumque
1285 2673 1394 2737 indicio
1418 2676 1548 2739 rdinvari
1570 2677 1677 2739 ridear.

435 2791 492 2853 Sed
516 2799 551 2853 nt
573 2789 681 2872 prioris
704 2808 822 2871 quoque
838 2789 959 2852 lledicei
983 2805 1043 2850 uno
1066 2787 1171 2852 saltem
1192 2789 1327 2870 exemplo
1342 2789 1475 2862 doceam,
1497 2791 1602 2873 quenti
1619 2791 1680 2854 sint
1695 2792 1844 2855 tenendae
1860 2791 1992 2856 eiusdem

293 2922 400 2967 manus
423 2903 633 2976 correctiones,
657 2903 738 2964 bunc
759 2901 858 2964 locans
880 2903 994 2964 adiero:
1024 2900 1059 2962 lll
1077 2899 1184 2972 31,14
1207 2917 1302 2963 ornum
1322 2919 1374 2982 per
1392 2906 1557 2983 murmures
1584 2904 1678 2986 effipie
1698 2907 1851 2968 nununsnt
1871 2907 1993 2970 mort.

293 3016 343 3080 Sic
365 3016 563 3098 Nipperdeias
583 3034 617 3078 sc
639 3014 744 3096 reliqui
767 3031 880 3084 omnes,
903 3031 978 3095 qnos
1001 3011 1145 3082 consului,
1168 3013 1306 3076 editores.
1351 3013 1392 3076 lle
1415 3015 1515 3078 codiee
1536 3027 1615 3078 recte
1637 3016 1784 3081 Balterns:
1806 3035 1878 3100 „per
1899 3036 1995 3082 ossus

288 3147 343 3211 per
360 3131 524 3210 nonanus
546 3146 591 3210 pr.
607 3127 655 3200 lt,
677 3145 731 3209 per
743 3143 839 3191 osum
851 3129 1014 3208 prusinum
1035 3144 1110 3188 corr.
1126 3123 1196 3200 ll.‘·,
1220 3143 1288 3188 nam
1304 3127 1471 3208 posteriore
1486 3129 1552 3190 loco
1563 3145 1618 3210 per
1631 3127 1709 3192 binis
1725 3129 1844 3212 punctis
1859 3149 1947 3212 supra
1964 3137 1994 3193 et

293 3241 369 3304 inire
392 3241 507 3324 positis,
529 3259 605 3323 ques
627 3239 698 3303 milri
722 3239 898 3304 ridebantur
920 3239 955 3302 sb
977 3240 1043 3324 ipso
1066 3237 1186 3302 librario
1208 3238 1304 3320 posita
1320 3259 1394 3314 esse,
1417 3240 1544 3305 deletum
1561 3251 1616 3316 est,
1639 3244 1718 3324 qnod
1734 3243 1845 3306 reiense
1861 3242 1993 3307 llitterns

291 3355 466 3436 supersedit
515 3353 630 3417 Codicis
658 3355 748 3434 igitur
774 3353 979 3416 testimonium
1007 3353 1125 3424 suadet,
1154 3361 1189 3414 ut
1218 3351 1372 3416 redeamus
1398 3353 1436 3415 ad
1464 3361 1594 3416 reterens
1621 3355 1799 3436 scriptoram
1822 3373 1874 3437 per
1895 3373 1993 3419 omnm

288 3470 461 3549 praendat
505 3468 544 3529 At
568 3467 649 3530 enim
672 3467 805 3530 liniterus
832 3466 951 3528 solitum
981 3465 1058 3546 apud
1081 3465 1215 3528 'lacitum
1248 3463 1405 3527 verborum
1434 3465 1569 3528 ordinem
1592 3467 1663 3530 dicit
1683 3467 1765 3531 banc
1786 3486 1868 3531 esse:
1898 3485 1994 3532 casnm

291 3597 344 3662 pes
361 3581 538 3660 penemeos.
584 3579 669 3642 Errat
695 3579 740 3642 nir
766 3579 966 3643 doctissimas.
1011 3577 1135 3660 Scripsit
1162 3579 1241 3641 enim
1264 3578 1398 3648 Tacitus,
1427 3589 1460 3640 ut
1487 3598 1520 3642 ea
1547 3579 1680 3660 exempla
1703 3580 1854 3656 omittam,
1883 3579 1993 3664 quibus

291 3691 404 3774 sliqnid
431 3692 639 3773 interpositum
670 3703 733 3766 est,
764 3689 840 3764 tte,
860 3693 897 3754 15
919 3708 971 3774 per
996 3709 1093 3754 onnes
1119 3692 1191 3762 dees,
1218 3690 1323 3754 dnnl
1345 3689 1396 3764 73,
1411 3691 1432 3754 6
1450 3710 1505 3774 per
1526 3711 1621 3756 mnnes
1644 3692 1754 3766 desnos,
1783 3691 1884 3769 viat,
1902 3693 1940 3755 11
1962 3701 1994 3758 et

292 3801 411 3878 11111,
427 3804 446 3864 ‘l
464 3821 520 3886 per
541 3822 639 3868 onnes
659 3821 762 3876 annas,
791 3803 854 3866 xlv
870 3802 956 3874 bd,8
980 3821 1033 3884 per
1055 3822 1152 3866 ornnes
1174 3814 1263 3867 ustus.
1308 3804 1390 3866 Adde
1412 3803 1445 3866 G.
1464 3802 1512 3879 19,
1529 3807 1549 3866 6
1575 3823 1631 3887 per
1651 3823 1763 3870 omnen
1783 3809 1894 3878 nuens,
1923 3809 1991 3886 tgr.

292 3914 379 3994 13,7
404 3935 458 3998 per
484 3935 596 3982 ennom
616 3917 808 3981 oalatndireesn
829 3921 903 3988 eius,
934 3915 1088 3988 1111115,
1105 3917 1145 3978 20
1173 3935 1227 3998 per
1253 3934 1364 3980 omnen
1392 3921 1494 3988 anun,
1518 3915 1655 3988 11231
1679 3937 1734 3999 per
1755 3935 1867 3982 monens
1886 3923 1992 4002 sipara

291 4030 360 4108 llll,
380 4034 417 4094 l‘l
437 4049 491 4113 pes
511 4049 621 4095 ennean
647 4034 798 4094 sasaim
823 4049 858 4092 se
884 4029 1041 4094 libidinem.
1085 4029 1161 4093 lluic
1189 4031 1336 4092 constanti
1362 4028 1428 4092 usui
1458 4027 1625 4092 contrarias
1652 4029 1769 4092 estleia
1792 4049 1870 4094 unns
1893 4031 1991 4094 leons:

292 4147 367 4208 nna.
384 4145 399 4207 1
419 4144 449 4218 3,
472 4145 510 4207 lli
538 4149 681 4226 ensisque
703 4161 757 4225 per
786 4147 929 4206 mutus
955 4151 1126 4214 ostentatur,
1161 4142 1212 4223 qni
1239 4161 1323 4204 susm
1356 4140 1444 4203 babet
1470 4141 1624 4204 rationem.
1675 4142 1771 4225 Atque
1799 4141 1901 4205 eadent
1929 4143 1994 4224 lege

291 4265 434 4320 tenentur
455 4255 686 4338 praepositiones
706 4259 746 4326 ise,
772 4254 820 4327 od,
845 4271 910 4337 pru,
938 4273 1011 4326 cuns,
1039 4271 1086 4326 eor,
1114 4253 1156 4325 de,
1188 4253 1245 4316 nisi
1269 4253 1347 4334 qnod
1371 4258 1446 4315 dnn.
1462 4251 1498 4314 ll¹
1514 4253 1565 4326 to,
1580 4251 1621 4315 10
1644 4255 1830 4338 onustosque
1850 4254 1885 4318 de
1905 4255 1993 4319 sadus

292 4371 436 4452 scriptum
459 4378 512 4440 est,
535 4367 586 4450 qai
608 4367 691 4430 locus
713 4367 764 4440 illi,
787 4365 838 4448 qni
861 4375 907 4430 est
928 4370 1006 4430 dnn.
1023 4368 1032 4429 l
1049 4366 1079 4440 3,
1098 4365 1146 4439 tt,
1169 4365 1338 4430 simillimus
1360 4375 1414 4430 est.
1452 4365 1554 4446 ltaque
1574 4373 1604 4428 et
1619 4363 1683 4428 libri
1699 4365 1820 4429 Medicei
1836 4367 1993 4430 aucteritas

291 4492 324 4546 et
349 4481 503 4565 scriptoris
530 4481 731 4552 sensaetndo,
758 4497 846 4562 quern
876 4481 907 4542 in
935 4479 1120 4544 contrarium
1148 4480 1295 4543 convertit
1317 4478 1465 4554 llsiterns,
1492 4479 1597 4559 reponi
1624 4477 1705 4540 iubet
1730 4495 1783 4559 per
1804 4494 1903 4542 oseem
1920 4495 1993 4560 pss-

291 4599 410 4662 olseeios.
465 4594 531 4670 Quo
564 4595 699 4676 essmple
735 4611 893 4658 monentur
924 4593 1001 4676 apud
1028 4591 1164 4656 'l'acitnrn
1198 4609 1318 4674 qnoque
1350 4609 1453 4674 saepe,
1487 4591 1568 4674 quod
1602 4590 1642 4653 sit
1671 4589 1927 4673 simplicissimam
1959 4609 1994 4655 sc

292 4707 540 4791 vulgarissimum,
562 4706 592 4769 id
615 4725 683 4769 osse
703 4705 829 4769 maxime
851 4705 1009 4788 probabile

436 4817 499 4882 xlv
514 4819 564 4894 60,
583 4819 625 4880 ld
645 4819 775 4882 llitterus
796 4819 890 4896 (bunc
910 4827 1031 4882 secutus
1053 4824 1098 4879 eet
1115 4815 1291 4892 Pitanems)
1315 4815 1445 4898 scripsit:
1469 4819 1516 4878 cesi
1536 4819 1632 4879 minor
1653 4817 1802 4898 nptestia,
1824 4834 1864 4879 eat
1883 4817 1992 4878 nsedio·

291 4936 391 4997 sem
416 4933 553 5014 portem
582 4935 722 5012 pandera
746 4931 875 5013 pert'ctslu
902 4941 977 4994 sunt.
1031 4929 1111 4992 llaec
1142 4929 1223 4992 enim
1256 4930 1286 4990 in
1318 4929 1417 4991 codice
1451 4930 1603 4992 invenerat
1635 4927 1799 5011 eademqne
1824 4936 1895 4991 ente
1922 4945 1990 4991 earn

293 5045 435 5109 Beitmss.
481 5045 507 5106 ls
530 5054 629 5108 autern
651 5065 686 5113 sc
707 5053 826 5128 prester
847 5063 916 5106 eum
938 5043 1138 5106 recentiorum
1161 5043 1295 5122 plerique
1312 5040 1466 5105 Puteolani
1489 5041 1692 5104 coniectorem
1709 5039 1920 5122 probauerunt,
1940 5042 1991 5123 qui

291 5169 320 5222 st
340 5167 407 5221 ante
428 5175 467 5220 sos
492 5157 621 5223 inseruit.
668 5166 766 5239 ,etque
793 5157 840 5220 ille
867 5157 987 5238 quidem
1016 5156 1080 5220 sine
1108 5153 1199 5218 dnbio
1228 5171 1347 5216 manum
1376 5153 1527 5236 scriptoris
1561 5153 1700 5225 restitnit,
1734 5153 1813 5234 qnod
1847 5153 1910 5234 ipsa
1943 5171 1993 5215 res
