4646 5766
1001 447 1218 509 ..21-

261 628 301 688 ait
324 625 410 698 Bait,
446 643 502 686 uec
525 640 595 685 vero
620 642 655 684 ex
674 641 720 703 pe,
754 622 833 703 quod
858 621 991 684 Ritlerus
1015 625 1098 704 quasi
1120 624 1203 685 illum
1226 640 1390 704 coarguens
1413 623 1557 686 adfirmat.
1606 625 1653 697 l'l,
1672 625 1710 686 15
1733 626 1856 688 detinere
1878 626 1975 689 ellecit

258 759 295 800 cx
318 743 450 808 retinere,
485 754 544 798 non
580 755 615 798 ex
645 738 772 816 petinere
806 737 885 809 (nam
909 753 927 796 r
949 737 1077 799 scribere
1099 739 1247 817 coeperat)
1281 746 1369 819 atque
1402 737 1566 818 insuperd
1595 755 1683 818 supra
1707 755 1825 800 versum
1849 740 1971 801 addidit.

269 849 353 924 18,ss
379 850 462 913 liniri
481 849 606 912 mutavit
629 848 658 908 io
682 848 776 920 leniri,
798 847 987 927 superposito
1010 868 1034 910 e.
1079 849 1276 919 estonum
1311 847 1477 928 scripsisset
1497 859 1591 912 etrure
1625 850 1680 926 (sic
1712 858 1792 912 recle
1816 851 1972 931 Baiterus),

262 971 412 1044 expuncto
434 972 445 1022 t
468 970 498 1022 et
520 960 709 1041 superposito
731 978 749 1020 r
772 959 870 1020 ellecit
895 977 994 1022 errore
1027 961 1113 1034 (falso
1136 960 1266 1024 liitterus
1289 973 1400 1024 etrrore
1434 962 1522 1041 idque
1557 970 1670 1022 temere
1699 980 1803 1024 rursus
1836 965 1972 1044 apposito

259 1077 367 1154 „sie“).
414 1073 575 1145 livent
605 1083 730 1151 uterque
754 1090 807 1151 pro
831 1071 957 1134 cursulto
979 1073 1010 1135 iu
1032 1073 1132 1135 codice
1156 1075 1316 1135 consultum
1338 1093 1403 1134 esse
1426 1072 1505 1135 dicit.
1550 1075 1586 1134 tt
1617 1074 1720 1135 eadem
1746 1093 1853 1136 manus
1875 1077 1974 1138 trino

262 1190 388 1250 mutavit
411 1195 441 1248 et
464 1187 583 1265 signum
606 1204 636 1245 m
659 1184 773 1244 litterae
808 1183 923 1245 duabus
958 1185 1072 1246 lineolis
1101 1187 1276 1248 transversis
1299 1185 1413 1248 delevit.
1458 1185 1509 1257 65,
1530 1187 1548 1246 2
1572 1187 1602 1247 in
1626 1187 1766 1248 vocabulo
1790 1188 1973 1249 adversatum

260 1300 411 1360 litterae!
438 1316 496 1360 non
521 1296 745 1378 suprapositum
769 1307 814 1356 est
835 1315 912 1368 rum,
943 1307 975 1358 ut
997 1297 1038 1358 ait
1060 1297 1142 1370 liitt,
1175 1298 1225 1359 sed
1257 1299 1467 1379 compendium
1490 1297 1617 1379 syllabae
1639 1317 1686 1372 ur,
1716 1309 1748 1360 nt
1771 1299 1811 1360 sit
1834 1300 1971 1362 aduerso-

262 1421 373 1476 turum,
399 1419 432 1471 ut
454 1418 533 1471 recte
554 1410 624 1470 dicit
640 1409 731 1482 Bait.;
753 1423 784 1474 at
800 1428 836 1470 ne
852 1411 876 1472 is
892 1411 1009 1488 quidem
1035 1411 1105 1472 illud
1128 1410 1337 1490 compendium
1363 1411 1464 1472 cadem
1489 1429 1579 1471 manu
1603 1410 1700 1472 addita
1724 1411 1842 1491 obliqua
1865 1411 1970 1473 lineola

265 1542 330 1583 esse
354 1522 484 1583 deletum
509 1522 558 1582 ait.
589 1521 639 1582 xv
658 1523 705 1592 13,
727 1523 762 1581 tn
786 1523 860 1584 male
882 1531 1010 1602 uterquc
1034 1541 1088 1602 pro
1103 1524 1249 1603 colopesett
1270 1524 1413 1603 scriptum
1430 1543 1495 1584 esse
1516 1522 1668 1603 colopesesi
1682 1527 1773 1586 refert
1795 1523 1887 1604 (quod
1904 1526 1972 1604 quis

262 1633 469 1705 credideritil.
498 1635 606 1696 llcrom
624 1635 680 1695 hoc
696 1645 754 1696 est:
778 1635 914 1697 librarius
930 1636 1088 1715 scripserat
1103 1633 1249 1714 colopeses,
1273 1653 1340 1696 mox
1363 1645 1524 1697 extremam
1548 1635 1674 1696 litteram
1699 1635 1729 1696 in
1745 1656 1766 1696 u
1782 1636 1820 1696 ita
1836 1636 1971 1706 mutavit,

260 1759 294 1808 ut
317 1749 418 1828 priore
441 1749 523 1809 hasta
547 1747 661 1809 litterae
677 1768 697 1808 u
713 1749 870 1810 mediams
889 1749 1000 1810 litterae
1022 1757 1137 1828 partem
1161 1745 1321 1824 obtegeret.
1366 1747 1429 1808 lloc
1449 1748 1540 1826 igitur
1562 1747 1688 1810 debehat
1711 1748 1783 1809 dici:
1807 1747 1972 1829 „oolopesert

263 1879 339 1922 corr.
364 1862 467 1922 eadem
493 1879 532 1921 m.
556 1879 591 1921 ert
613 1861 752 1940 volupeses
774 1859 831 1921 tlt-⁶
877 1859 1208 1932 adsentationum
1232 1869 1388 1940 postquam
1410 1858 1512 1939 pelluit
1533 1858 1666 1938 scripsit,
1701 1879 1737 1920 ex
1765 1858 1864 1939 priore
1888 1862 1970 1920 hosta

263 1973 382 2034 litterae
405 1991 425 2032 u
448 1974 518 2034 lecit
536 1973 600 2050 jti.
617 1994 642 2033 c.
659 1978 692 2048 i),
717 1974 911 2053 posteriorem
935 1993 970 2034 eo
996 1991 1088 2044 more,
1111 1973 1194 2034 cuius
1211 1973 1299 2032 etiam
1316 1972 1398 2051 plura
1422 1971 1553 2050 exempla
1577 1981 1657 2043 suut,
1681 1971 1825 2050 integram
1842 1971 1970 2052 reliquit,

257 2085 425 2147 iadiuncta
443 2086 548 2147 lineola
566 2085 680 2146 delerit.
727 2085 826 2165 ltaqtre
849 2085 932 2166 pellit
954 2085 1082 2147 correxit
1102 2103 1136 2146 ex
1156 2083 1264 2166 polluit.
1311 2083 1360 2144 XV
1376 2084 1427 2154 45,
1446 2084 1483 2145 ts
1506 2101 1646 2164 opressum
1663 2101 1716 2164 pro
1732 2102 1859 2164 opressus
1874 2085 1971 2163 scrip-

260 2208 323 2256 tum
349 2216 417 2256 esse
440 2197 552 2259 dicunt.
597 2199 635 2258 tlt
657 2199 760 2259 cadem
786 2215 893 2258 manus
926 2216 960 2258 ex
984 2198 1158 2276 compendio
1185 2197 1300 2258 litterae
1323 2215 1351 2256 m
1374 2215 1463 2275 supra
1485 2217 1506 2257 o
1529 2196 1625 2276 posito
1649 2196 1719 2258 lecit
1740 2217 1754 2258 s
1776 2195 1857 2263 illud,
1891 2198 1969 2276 quod

259 2327 352 2387 saepe
376 2309 406 2368 in
430 2309 489 2369 fine
514 2309 721 2370 vocabulorum
746 2311 848 2372 eodem
872 2311 935 2372 loco
959 2329 1018 2389 qno
1041 2309 1249 2388 compendium
1275 2309 1343 2370 iilud
1367 2309 1526 2370 invenitur.
1572 2309 1683 2370 Eodem
1708 2308 1839 2370 remedio
1863 2307 1970 2379 5116

262 2425 395 2482 animum
418 2422 544 2483 mutavit
566 2422 594 2482 in
619 2427 739 2484 antinus.
787 2422 837 2496 53,
857 2424 892 2482 11
918 2441 970 2502 pro
993 2432 1025 2485 ut
1047 2421 1101 2482 ulii
1120 2421 1274 2501 scripsisse
1302 2420 1453 2482 librarium
1475 2419 1561 2482 utilia
1584 2420 1728 2492 referunt,
1752 2439 1814 2482 uon
1837 2421 1970 2481 referunt

257 2541 371 2612 partem
397 2534 505 2594 erroris
529 2534 653 2613 abipso
678 2553 742 2595 esse
765 2534 963 2595 eorendatam.
1008 2533 1080 2594 Nanr
1105 2552 1123 2594 o
1146 2531 1259 2594 duabus
1283 2533 1398 2594 lineolis
1421 2533 1526 2594 delevit
1549 2541 1580 2594 et
1599 2532 1617 2610 j
1638 2532 1761 2605 litterae,
1784 2551 1859 2611 quae
1882 2543 1968 2593 ante-

257 2647 346 2714 cedit,
382 2647 572 2724 supraposuit
594 2649 614 2705 i.
660 2647 745 2718 55,5
769 2647 889 2726 scripsit
911 2646 1052 2718 audieret,
1087 2665 1153 2707 mox
1178 2667 1194 2705 o
1217 2665 1305 2726 snpra
1335 2663 1449 2706 versum
1481 2644 1604 2707 addidit.
1649 2646 1752 2725 ltaque
1779 2645 1968 2708 scribendum

260 2759 494 2828 ostendissem,
529 2775 586 2836 qua
621 2763 713 2819 dorma
748 2777 819 2818 osus
854 2767 899 2818 cst
920 2758 1040 2819 Tacitus
1066 2759 1155 2819 etiem
1179 2756 1325 2830 11516.
1349 2793 1389 2801 —
1412 2757 1461 2818 XV
1479 2758 1529 2828 57,
1548 2757 1585 2817 10
1609 2767 1721 2837 partem
1747 2757 1806 2818 reri
1830 2758 1970 2827 restituit,

261 2886 330 2928 cum
355 2869 385 2930 iu
410 2868 551 2930 vocabulo
580 2874 721 2949 empserit,
755 2871 833 2950 qnod
868 2873 1036 2950 scripserat,
1069 2870 1224 2951 posteriori
1246 2888 1378 2949 usupra
1414 2888 1530 2931 versum
1560 2869 1681 2930 adderet
1704 2889 1726 2930 s.
1774 2869 1823 2940 71,
1841 2869 1879 2929 16
1903 2888 1968 2930 vera

259 2984 355 3040 l'orma
388 2979 518 3041 nominis
549 2981 687 3060 Epuotr'oe
721 2982 750 3042 in
782 2984 846 3062 ipso
876 2982 1006 3042 llediceo
1040 2993 1189 3062 superest3
1228 3001 1295 3044 nam
1326 2983 1460 3044 librarius
1491 2994 1648 3061 postquam
1684 2981 1804 3060 scripsit
1836 2985 1969 3061 etpootio,

258 3101 270 3152 l
293 3091 399 3151 lineola
424 3091 540 3152 delerit.

404 3204 483 3266 Satis
506 3205 633 3286 amplam
669 3207 822 3268 materiem
846 3206 1021 3267 criminandi
1044 3207 1088 3266 eis
1116 3205 1248 3287 praebui,
1282 3207 1332 3286 qui
1357 3206 1461 3267 lrorum
1498 3215 1671 3286 temporum
1696 3205 1858 3285 philologos
1882 3223 1969 3283 parve

258 3326 349 3395 atque
373 3317 470 3377 inania
495 3335 638 3396 quaerere
660 3328 692 3379 et
713 3318 877 3381 litterarum
901 3321 1009 3400 figuras
1032 3319 1136 3381 sectari
1170 3319 1313 3381 dictitant.
1359 3319 1415 3379 Sed
1448 3319 1504 3380 erit
1526 3318 1597 3379 milri
1623 3319 1707 3392 tanti,
1731 3317 1819 3378 modo
1842 3320 1895 3392 eis,
1918 3319 1968 3398 qui

259 3429 387 3488 Cornelii
403 3428 494 3490 Taciti
520 3431 611 3492 libros
634 3450 700 3493 curu
726 3451 795 3493 cura
819 3433 930 3512 legunt,
954 3433 1054 3512 paucis
1077 3433 1253 3512 quibusdam
1269 3432 1341 3494 locis
1357 3431 1511 3510 scriptoris
1537 3449 1657 3492 manum
1682 3431 1848 3492 restituisse
1872 3431 1970 3492 videar

258 3558 370 3620 eosque
393 3540 547 3614 adducam,
582 3551 615 3604 ul
648 3543 736 3604 lrdem
771 3545 906 3606 codicum
930 3544 1128 3606 llletliceornm
1165 3545 1306 3605 maiorem
1331 3563 1394 3606 esse
1425 3544 1577 3606 fateantur
1600 3561 1688 3623 quam
1713 3562 1807 3622 usque
1831 3543 1865 3604 ad
1889 3544 1969 3604 huuc

261 3653 338 3714 iliem
364 3653 482 3714 credere
504 3653 595 3715 licuit.

870 5273 941 5314 Drnclr
959 5287 1000 5314 ron
1017 5271 1050 5316 W.
1067 5275 1219 5317 Pornrsttsr
1233 5273 1256 5315 in
1272 5273 1354 5317 Berlin.
