4646 5766
1073 306 1293 370 ...13-

330 488 360 548 in
382 486 570 566 promptum).
595 483 656 546 XVl
675 485 735 556 l,l
758 483 891 554 Neronis,
917 483 966 552 14.
984 483 1024 543 16
1045 483 1264 556 incolumitatis,
1287 483 1338 556 22,
1354 483 1395 544 22
1417 481 1580 552 Institutas,
1604 482 1691 552 326
1713 481 1877 546 interiectis.
1923 485 2037 548 llarora

330 616 466 660 errorum
493 616 561 679 pars
588 597 658 658 inde
689 604 752 657 orta
784 606 845 669 est,
873 596 951 676 quod
979 593 1009 654 id
1040 594 1233 666 vocabulum,
1263 594 1340 675 quod
1370 594 1505 674 proxime
1532 595 1682 674 sequitur,
1709 595 1746 656 ab
1768 615 1782 656 s
1803 596 1899 658 littera
1922 596 2037 677 incipit,

329 710 512 789 reliquarum
537 707 619 786 origo
642 707 785 770 incertior
807 716 861 769 eat.
907 707 965 768 Sed
994 714 1102 768 neuter
1128 725 1248 780 eorum,
1275 706 1326 786 qui
1354 713 1423 768 ante
1452 725 1499 768 me
1521 705 1668 768 bledicsos
1696 706 1812 769 codices
1835 708 2037 778 contulerunt,

331 820 376 882 bis
398 819 470 881 lacis
492 820 631 881 omnibus
652 837 667 881 s
689 819 817 882 litteram
841 819 966 880 deletam
983 837 1049 880 esse
1065 817 1147 890 dixit,
1169 819 1345 898 plerumque
1361 835 1420 879 una
1437 817 1543 880 dneola
1559 817 1689 899 obliqua,
1709 821 1800 880 semel
1823 818 1968 895 (Xlllld,
1986 817 2038 894 18)

330 932 454 996 duabus.
504 932 648 1004 Quaeras,
675 931 742 1010 quis
770 931 918 992 deleverit.
964 928 993 992 ld
1023 929 1176 992 librarium
1207 931 1340 1012 quiaque
1369 932 1412 992 eis
1440 930 1526 1000 locis,
1556 948 1631 1009 quos
1659 930 1779 992 ultimos
1809 931 1910 1009 posui,
1939 932 2037 1010 ipsum

329 1047 437 1108 lesisse
459 1053 573 1105 certum
598 1041 669 1102 mibi
692 1061 757 1104 esse
779 1042 947 1114 videbatur,
976 1042 1102 1103 enodem
1133 1043 1266 1123 reliquos
1298 1059 1417 1122 quoque
1448 1042 1613 1102 correxisse
1636 1042 1696 1103 veri
1719 1042 1815 1103 simile
1838 1052 1893 1104 est.
1939 1043 2039 1123 ltaque

330 1159 400 1220 bine
426 1174 546 1237 quoque
567 1153 729 1214 blediceum
758 1155 883 1216 alterum
906 1173 971 1216 vera
995 1153 1110 1216 lidalius
1132 1155 1293 1216 retinuisse
1315 1153 1502 1236 perspicitur,
1525 1171 1614 1232 quani
1638 1155 1724 1232 vulgo
1747 1155 1919 1235 opinantur.
1958 1155 2037 1217 ldem

331 1271 482 1332 declarant
503 1267 637 1347 quinque
658 1265 704 1326 alii
728 1265 818 1328 buius
839 1265 920 1327 modi
943 1266 1011 1336 loci,
1035 1266 1071 1327 dc
1094 1264 1203 1345 quibus
1224 1265 1383 1346 separatim
1398 1265 1544 1344 agendum
1562 1275 1617 1325 ast.
1654 1264 1705 1324 XV
1720 1264 1771 1336 28,
1791 1265 1828 1324 13
1851 1265 1882 1325 in
1899 1266 2038 1328 omnibus

331 1381 510 1443 editionibus
546 1380 588 1440 sic
614 1378 733 1458 legitur:
784 1379 948 1440 Vinicianus
978 1378 1101 1446 dumbs,
1127 1395 1215 1458 pener
1243 1376 1428 1447 Corbulonis,
1457 1376 1587 1439 scandum
1613 1381 1758 1438 senaton'a
1783 1385 1889 1448 aetate,
1918 1390 1958 1439 set
1985 1396 2038 1458 pro

331 1495 421 1574 lepoto
449 1495 565 1573 quintos
592 1491 696 1571 lepiani
721 1495 877 1570 impositas.
922 1489 995 1550 Nam
1020 1489 1152 1550 Ritterus
1182 1490 1213 1551 in
1237 1489 1368 1551 Mediaeo
1395 1498 1499 1551 aetates
1525 1499 1552 1551 st
1579 1489 1722 1568 scriptum
1750 1508 1815 1550 esse
1844 1489 1922 1550 dicit.
1966 1491 2039 1554 dts

331 1607 460 1667 deletum
485 1623 550 1664 esse
572 1622 629 1664 non
647 1602 726 1664 dicit.
764 1605 805 1664 dc
826 1601 891 1663 iure
913 1601 1041 1662 deletum
1066 1619 1132 1662 esse
1155 1619 1279 1681 eantque
1303 1602 1515 1662 correctionem
1538 1600 1593 1679 ipsi
1616 1601 1735 1661 librario
1759 1601 1860 1662 deberi
1883 1603 1950 1662 inde
1968 1620 2040 1680 per-

332 1718 466 1798 spicitur,
489 1716 568 1795 quod
592 1715 680 1776 verba
700 1733 754 1794 pro
777 1715 868 1794 lepato
890 1719 1004 1795 quintos
1025 1711 1131 1792 lepiani
1150 1716 1296 1794 impacatus
1317 1730 1376 1773 non
1401 1721 1528 1790 possunt
1550 1711 1660 1790 opponi
1685 1713 1780 1774 verbis
1802 1715 1928 1774 nemrim
1951 1731 2040 1774 sena·

332 1831 408 1890 toria
435 1837 539 1896 aetate,
569 1826 710 1905 quoniam
736 1825 903 1888 Vinicianus
926 1823 1042 1887 Annius
1069 1841 1128 1883 non
1158 1841 1344 1903 quamquam,
1375 1824 1425 1886 scd
1450 1832 1603 1904 propterea
1625 1823 1700 1904 quod
1730 1825 1862 1886 nondum
1890 1827 2038 1886 senatoria

332 1947 427 2001 aetate
455 1946 531 2007 erat,
559 1957 613 2017 pro
641 1938 736 2016 legata
763 1937 871 2015 legioni
898 1937 1055 2016 impositus
1084 1949 1139 2000 est.
1190 1940 1290 2019 ltaque
1319 1949 1361 2002 sat
1386 1938 1424 1998 ita
1457 1948 1572 2000 tanturn
1600 1949 1679 2000 stare
1707 1949 1820 2018 posset,
1849 1942 1873 2000 si
1902 1941 2041 2003 abessent

334 2052 420 2111 verba
444 2069 499 2130 pro
520 2049 621 2130 lepato
664 2049 736 2111 lndc
766 2058 889 2128 apparet
916 2052 1003 2111 unice
1033 2069 1134 2112 verum
1160 2069 1225 2112 esse
1247 2062 1286 2121 et,
1316 2052 1394 2130 quod
1425 2049 1601 2128 corrigendo
1628 2052 1658 2111 io
1690 2051 1791 2112 codice
1823 2054 1961 2114 ellectum
1985 2064 2041 2115 est.

333 2165 426 2244 quue
453 2163 531 2224 idem
564 2162 653 2230 valet,
681 2162 760 2240 quod
788 2173 814 2223 et
836 2161 870 2223 ab
893 2181 956 2224 eam
978 2183 1039 2226 rem
1063 2167 1107 2226 vel
1138 2183 1232 2246 eoque.
1278 2165 1372 2226 lluins
1395 2165 1566 2226 creberrimi
1591 2181 1663 2226 visus
1685 2164 1744 2226 duo
1768 2169 1900 2246 exempla
1923 2167 2040 2228 avllerro

333 2275 405 2338 satis
428 2275 496 2334 erit:
527 2276 602 2334 dno.
619 2274 630 2333 l
647 2272 733 2344 aut
760 2285 878 2335 musra
903 2276 943 2338 ad
965 2286 1079 2356 partas,
1107 2295 1230 2358 paenam
1261 2278 1419 2338 &cumana
1447 2280 1573 2338 manime
1601 2277 1763 2355 petebatur,
1792 2297 1896 2340 aoersa
1921 2279 1995 2340 tosti
2014 2290 2041 2340 et

333 2387 508 2468 supisnnbns
529 2390 625 2448 tutior.
675 2384 709 2446 H.
725 2385 760 2444 lV
776 2385 827 2456 40,
846 2387 884 2447 14
906 2388 1114 2470 damnatusque
1137 2387 1254 2451 lbablius
1275 2400 1302 2450 et
1323 2387 1431 2450 Sorani
1450 2389 1583 2451 manibus
1603 2393 1672 2449 satis
1693 2391 1813 2469 [nomm.
1855 2391 1937 2452 Alter
1958 2393 2041 2452 locos

334 2501 440 2578 legitur
463 2498 511 2558 XV
527 2497 579 2569 «19,
597 2499 646 2569 lb,
668 2497 719 2558 ubi
743 2516 848 2558 omnes
871 2497 914 2558 sia
937 2500 1109 2561 ediderunt:
1133 2499 1310 2572 Quintianus
1332 2501 1454 2563 mollitio
1475 2504 1603 2580 corporis
1623 2502 1743 2581 insumis
1765 2515 1790 2564 et
1804 2521 1823 2562 o
1839 2503 1949 2564 Nerone
1969 2521 2041 2582 pro-

334 2613 418 2676 broso
447 2615 573 2672 carmine
600 2610 768 2691 diffamatus
795 2610 979 2674 contumelias
1000 2612 1094 2674 udum
1120 2613 1188 2674 ibat.
1232 2612 1264 2674 Β.
1293 2621 1323 2672 et
1346 2613 1381 2675 ll.
1404 2630 1457 2691 pro
1478 2611 1572 2673 rabum
1600 2612 1629 2672 ia
1654 2612 1783 2674 bledieeo
1806 2613 1949 2692 scripturn
1975 2633 2041 2674 esse

336 2723 462 2786 multum
484 2734 562 2784 recte
585 2723 738 2792 adnotant,
762 2724 812 2785 sed
836 2723 866 2783 in
890 2743 922 2784 ea
946 2743 1025 2794 voce,
1047 2744 1124 2805 quse
1142 2725 1300 2804 praecedit,
1323 2744 1337 2785 s
1359 2725 1474 2786 duabus
1489 2724 1607 2787 lineolis
1623 2723 1752 2786 deletum
1770 2742 1911 2785 essenon
1928 2727 2041 2786 dicunt.

334 2835 437 2916 ltaque
460 2835 595 2897 librarius
622 2835 661 2914 (is
688 2835 767 2895 enim
791 2836 862 2915 quin
885 2856 899 2897 s
920 2836 1073 2906 deleverit,
1103 2853 1164 2897 non
1188 2835 1303 2909 dubito)
1333 2855 1367 2896 es
1390 2835 1574 2897 oomuonlios
1596 2835 1720 2896 multum
1747 2835 1843 2897 eltecit
1870 2838 2043 2898 aomumsiia

335 2949 469 3019 malliam,
492 2948 511 3008 i.
528 2967 552 3008 e.
578 2947 779 3010 contumeliam
800 2949 904 3009 udum.
942 2947 1087 3010 Similiter
1108 2949 1138 3009 in
1163 2948 1260 3028 priore
1275 2947 1405 3009 blediccu
1421 2946 1565 3026 seriptum
1581 2958 1626 3008 est
1649 2946 1773 3015 118.15
1796 2947 1920 3027 perfidio
1935 2949 2044 3012 mrsltns

327 3071 384 3121 cst.
428 3059 489 3120 Nee
511 3060 672 3138 quidquam
696 3068 752 3131 est,
775 3061 854 3139 quod
878 3060 909 3120 in
932 3060 1073 3139 singulari
1098 3078 1225 3121 numero
1241 3060 1403 3140 displiceat.
1439 3058 1511 3121 Nam
1529 3057 1675 3139 probroso
1692 3059 1741 3121 illo
1757 3059 1885 3122 Neronis
1900 3062 2042 3132 carmine,

337 3170 394 3233 etsi
422 3169 503 3248 copia
532 3188 636 3231 vocum
664 3169 947 3232 contumeliosarum
977 3171 1086 3243 inerat,
1117 3191 1173 3234 uns
1204 3171 1412 3234 continebatur
1438 3171 1591 3244 Quintiani
1620 3173 1809 3234 contumelia.
1853 3172 1952 3234 Tertio
1979 3175 2043 3234 loco

336 3282 441 3360 vulgo,
473 3282 562 3362 idque
584 3293 678 3353 recte,
707 3283 749 3343 sic
772 3283 877 3361 legitur
901 3282 1028 3355 xtvuu,
1047 3285 1100 3345 15:
1127 3287 1166 3345 sia
1186 3285 1285 3365 pedes;
1314 3287 1420 3364 equites
1441 3285 1516 3346 uado
1536 3287 1626 3346 secuti
1646 3294 1697 3344 aut
1718 3282 1833 3345 altiores
1853 3288 1929 3345 inter
1950 3285 2044 3346 midas

336 3393 477 3454 adunantes
504 3396 582 3472 spuis
608 3396 764 3456 transivere.
808 3392 851 3454 lbi
878 3395 966 3474 codas
993 3395 1024 3454 in
1055 3395 1154 3457 codice
1181 3395 1325 3476 scriptum
1354 3415 1418 3457 essa
1445 3396 1502 3457 iam
1531 3394 1645 3473 pridem
1674 3395 1820 3466 constitit,
1851 3406 1880 3456 at
1909 3396 2042 3458 ultimam

339 3504 467 3565 litteram
492 3504 618 3566 deletam
642 3524 708 3566 esse
730 3523 818 3567 nemo
841 3507 937 3568 adbuc
958 3506 1040 3566 dixit.
1077 3507 1180 3586 ltaque
1203 3508 1273 3569 nibil
1296 3526 1371 3587 opus
1395 3519 1440 3570 est
1463 3515 1515 3569 aut
1530 3507 1702 3588 Nipperdai,
1725 3506 1776 3586 qui
1790 3508 1899 3569 uadoso
1914 3508 2042 3588 scripsit,

338 3625 390 3676 aut
410 3615 454 3676 lo.
471 3615 519 3676 vr.
536 3615 676 3677 Gronovii
699 3618 879 3687 coniectura,
909 3618 960 3698 qul
982 3619 1059 3680 ouda
1081 3621 1235 3699 proposuit
1257 3620 1351 3699 (bunc
1373 3620 1465 3680 secuti
1488 3628 1560 3680 sunt
1584 3619 1724 3691 llalmins,
1747 3618 1914 3688 Muellerus,
1938 3619 2043 3681 Pram-

340 3727 463 3806 merus).
512 3728 571 3789 Nec
597 3727 695 3798 video,
723 3748 777 3790 cur
799 3732 943 3809 vulgatam
967 3729 1125 3791 lectionem
1148 3731 1189 3791 eis
1212 3749 1287 3810 quae
1315 3741 1456 3793 secuntur
1483 3732 1736 3792 accommodatam
1759 3751 1823 3792 esse
1847 3731 2044 3812 Nipperdeius

340 3849 436 3918 neget.
482 3839 537 3900 Sed
562 3840 590 3901 id
613 3841 743 3902 relutave
770 3860 830 3904 non
859 3859 948 3922 opus,
978 3843 1119 3921 quoniam
1148 3862 1210 3904 rem
1240 3843 1403 3923 expediisse
1432 3843 1504 3904 mibi
1532 3843 1649 3905 videtur
1677 3843 1852 3905 l’litznevus.
1898 3843 2043 3915 Quartum

340 3952 506 4031 exemplum
531 3951 586 4012 boc
611 3961 670 4013 est:
698 3952 748 4012 XV
767 3954 814 4026 ll,
833 3955 866 4014 ll
899 3954 934 4016 At
956 3955 1097 4036 uolopeses
1122 3957 1162 4018 ad
1189 3955 1342 4018 corbulone
1367 3959 1448 4018 missi
1471 3959 1576 4016 nuntii.
1621 3955 1668 4015 Sic
1689 3953 1851 4025 Mediceus,
1880 3955 1936 4016 nisi
1964 3955 2043 4034 quod

340 4065 464 4126 secundi
487 4064 620 4126 vocabuli
645 4075 773 4126 extrema
797 4067 893 4128 littera
918 4068 1012 4132 deleta
1036 4079 1091 4130 cst.
1135 4068 1207 4130 lnde
1234 4078 1356 4149 apparet
1385 4066 1563 4148 probabilius
1590 4065 1679 4128 scribi
1710 4066 1744 4127 m
1771 4065 1899 4146 Valopssi
1925 4067 1972 4144 (ut
1996 4066 2043 4128 XV

345 4177 431 4244 lna
453 4181 536 4238 missi
552 4177 670 4258 pastbac
685 4176 769 4239 Paeto
791 4179 897 4257 nuruis)
920 4198 1008 4259 quam
1032 4181 1111 4259 quod
1136 4197 1218 4241 nunc
1239 4178 1328 4241 scribi
1352 4181 1428 4240 solet
1443 4180 1477 4240 dt
1497 4177 1643 4259 Volopesis.
1681 4178 1785 4240 Restat
1807 4179 1929 4257 quintus
1951 4179 2044 4240 locus.

342 4288 405 4352 XVl
424 4289 473 4361 13,
492 4288 530 4349 14
552 4290 595 4350 sic
617 4289 664 4350 edi
687 4290 777 4350 solet:
800 4291 964 4371 supplendis
985 4290 1111 4371 Illyricis
1132 4292 1296 4372 lapiouibus.
1334 4291 1432 4360 rates,
1455 4307 1522 4352 nam
1546 4289 1635 4351 medii
1650 4288 1782 4351 vocabuli
1799 4299 1930 4351 extrema
1946 4291 2043 4352 littera

342 4402 435 4464 deleta
458 4410 503 4462 est
524 4400 614 4480 idque
638 4402 741 4463 eadem
765 4421 855 4464 manu
877 4404 988 4468 lactum
1014 4424 1078 4466 esse
1108 4425 1182 4485 quae
1210 4403 1337 4466 exaravit
1364 4405 1427 4483 ipsc
1450 4403 1608 4482 adspectus
1630 4402 1726 4462 docet.
1771 4401 1847 4474 Quid
1872 4403 1950 4482 quod
1974 4403 2046 4463 baec

342 4514 454 4584 littera,
484 4531 550 4574 cum
583 4514 654 4574 satis
681 4513 768 4594 longo
796 4515 949 4577 intervallo
979 4537 994 4576 a
1023 4517 1161 4577 vocabula
1190 4515 1295 4578 llls'rici
1315 4523 1448 4594 separata
1472 4514 1523 4585 sit,
1553 4523 1651 4593 potest
1674 4513 1763 4574 videri
1788 4514 1945 4576 indenata
1969 4533 2045 4588 esse,

342 4623 420 4705 quod
453 4622 591 4684 librarius
618 4643 672 4704 per
701 4644 832 4687 errorem
863 4626 1025 4707 supplendis
1058 4629 1239 4707 repetiturus
1267 4625 1346 4688 luit?
1397 4627 1504 4688 Verum
1533 4626 1622 4703 igitur
1650 4626 1721 4686 vidit
1749 4626 1943 4696 Puteolanus,
1976 4644 2044 4687 cum

343 4735 491 4797 coniceret
517 4732 631 4814 lllyrici
655 4736 822 4818 lrpiorabus,
856 4757 944 4817 quarn
979 4740 1178 4802 coniecturam
1210 4738 1320 4818 recepit
1351 4739 1489 4799 liittarus.
1535 4737 1656 4814 Legitur
1690 4737 1769 4797 enim
1804 4737 1881 4816 apud
1910 4736 2045 4800 Tacitum

343 4845 532 4916 Pannonicae,
555 4845 699 4918 Moesicae,
725 4847 918 4918 damascinae,
942 4848 1089 4921 Suriaoac,
1112 4849 1298 4912 Britannicae
1319 4851 1447 4930 lspiones,
1471 4858 1560 4930 atque
1583 4851 1669 4912 etiarn
1693 4851 1842 4929 inferioris
1866 4847 2046 4920 Germanias,

343 4961 498 5038 superioris
522 4957 702 5029 Germaniae,
727 4959 895 5033 Delmatiae,
920 4961 1097 5034 Pannoniae,
1120 4961 1253 5031 Moesiae,
1277 4961 1395 5035 Suriae,
1420 4962 1557 5032 Orientis,
1581 4963 1704 5024 sisudem
1723 4964 1888 5041 prouinciae
1911 4961 2047 5040 leprosas,-

344 5079 493 5150 praaterea
515 5071 540 5132 ll
557 5070 642 5144 att
663 5068 779 5152 lllpn'ci
798 5073 928 5154 lapiones,
952 5084 982 5135 at
1005 5091 1152 5154 nusquam
1175 5071 1313 5154 illyricas
1329 5075 1451 5154 lapiones
1473 5075 1667 5156 (quamquam
1690 5072 1821 5156 illyricos
1842 5074 1881 5134 ad
1904 5077 2048 5135 sancitus
