4646 5766
1096 359 1293 424 ..g-

346 545 494 606 incertum
519 559 627 621 aquo,
662 539 790 602 deletum
816 541 902 614 esse).
947 537 1023 599 Tum
1046 537 1083 599 Xl
1108 537 1193 610 17,9
1216 536 1306 618 priori
1329 556 1344 599 e
1367 535 1497 598 vocabuli
1525 536 1617 600 alecre
1650 537 1729 600 idem
1763 537 1881 617 signum
1916 538 2049 600 adiunxit

345 656 492 726 librarius,
524 672 583 734 quo
616 652 714 714 alacre
738 651 915 712 restituerat.
961 649 1066 711 Postea
1092 651 1135 711 vir
1157 650 1263 711 doctus
1285 649 1390 728 aliquis
1413 667 1431 709 a
1454 648 1677 729 suprascripsit,
1711 667 1805 730 eaque
1836 651 1956 714 demum
1980 668 2048 714 car-

345 769 478 832 rectione
501 766 643 828 mendum
666 763 814 827 sublatum
839 782 903 826 essa
926 762 1069 845 potabant
1091 762 1121 824 Β.
1147 772 1176 824 et
1200 762 1242 833 tt,
1276 779 1343 824 aum
1375 760 1541 822 seriberent
1573 761 1687 833 „aleam
1709 781 1754 843 pr.
1774 761 1831 836 ll“‚
1865 763 1955 826 nmcii
1989 764 2047 826 iam

345 889 429 944 antea
453 897 519 941 esse
542 876 699 940 sublatum.
744 875 801 937 Sed
825 874 967 954 gravioris
998 874 1142 936 momenti
1165 883 1212 936 est
1233 881 1371 955 quartum
1395 876 1572 956 exemplum.
1619 873 1756 954 Lrgimus
1779 876 1859 937 enim
1883 873 2048 948 straus

344 1013 400 1076 quo
414 993 544 1075 obsequio
557 989 707 1070 florentem
721 986 869 1051 Soranum
884 985 1084 1060 celebraverat,
1107 985 1247 1049 labentem
1270 1003 1329 1049 non
1345 987 1475 1050 desmuit.
1511 987 1589 1052 Nihil
1611 987 1755 1052 adnotant
1769 987 1801 1050 B.
1818 995 1849 1050 et
1864 987 1898 1049 ll.
1929 987 2047 1069 Quippe

344 1109 374 1171 io
399 1106 538 1169 vocabulo
560 1103 697 1166 labentem
720 1101 852 1165 inleriori
875 1100 951 1182 parti
974 1099 1080 1181 prioris
1103 1118 1118 1162 e
1140 1101 1255 1164 litterae
1277 1101 1416 1182 laqueum
1438 1101 1520 1164 illum
1545 1101 1575 1164 in
1598 1101 1748 1164 sinistram
1772 1119 1889 1164 versum
1914 1099 2045 1164 additum

344 1230 432 1301 atqua
453 1219 576 1298 insuper
598 1215 784 1296 superiorem
800 1213 932 1277 eiusdem
950 1213 1065 1276 litterae
1080 1223 1196 1294 partem
1212 1213 1327 1277 duabus
1343 1213 1459 1276 lineolis
1475 1214 1603 1278 deletum
1620 1233 1686 1276 esse
1701 1222 1751 1276 aut
1767 1229 1828 1276 uon
1844 1213 1982 1277 viderunt
1996 1220 2048 1277 aul

344 1333 413 1416 quid
437 1331 568 1395 valerent
590 1329 662 1392 haec
684 1327 894 1401 additamenta,
917 1345 979 1388 non
1002 1325 1223 1389 intellexerunt.
1269 1325 1416 1389 Nimirum
1439 1325 1576 1390 librarius
1599 1326 1639 1406 (ei
1655 1325 1735 1390 enim
1753 1327 1830 1389 hano
1844 1345 1962 1409 quoque
1978 1345 2045 1389 cor·

343 1445 505 1511 rectionem
528 1443 717 1506 tribuendam
733 1459 798 1504 essa
820 1450 933 1504 certum
957 1440 1015 1515 ast)
1039 1458 1073 1502 ex
1089 1437 1227 1502 labentem
1243 1439 1312 1502 iecit
1333 1439 1486 1503 labantem.
1530 1439 1622 1521 quue
1645 1457 1748 1504 rerum
1773 1449 1827 1516 est,
1850 1439 1927 1502 sicut
1949 1446 2046 1503 cetera

344 1579 420 1644 quae
442 1560 504 1640 ipsa
527 1555 701 1636 corrigendo
725 1553 829 1618 ebeoit.
874 1551 1006 1616 Lebabat
1027 1552 1167 1626 Soranus,
1191 1569 1251 1615 non
1274 1551 1435 1615 labebatur.
1480 1551 1620 1616 Similiter
1641 1551 1705 1614 xtv
1724 1554 1772 1628 12,
1788 1551 1825 1614 21
1853 1551 1968 1616 labante
1988 1555 2045 1615 iam

343 1673 510 1754 Agrippina.
555 1668 597 1730 ile
612 1667 654 1730 eis
675 1674 784 1740 autem,
807 1684 882 1747 quae
897 1665 932 1728 il.
949 1663 986 1726 lll
1003 1663 1053 1739 23,
1072 1667 1086 1726 1
1104 1665 1255 1745 leguntur:
1278 1668 1411 1728 sustiuerit
1434 1665 1574 1728 lubentem
1595 1669 1683 1729 aciem
1698 1667 1836 1729 Ammius
1851 1669 1947 1729 acdtr's
1956 1683 2045 1746 prae-

342 1787 471 1856 torianis,
495 1781 545 1844 ubi
568 1781 597 1842 in
622 1779 753 1842 Mediceo
776 1779 915 1842 laberuem
939 1779 1080 1860 scriptum
1106 1797 1170 1842 esse
1193 1779 1349 1852 affirmant,
1372 1779 1486 1843 codices
1502 1780 1664 1843 deteriores
1679 1779 1824 1843 labantem
1840 1778 1958 1853 babent,
1982 1797 2043 1841 non

343 1897 438 1961 audeo
462 1895 630 1964 diiudicare,
656 1891 795 1972 quoniam
828 1890 878 1953 illo
906 1891 969 1954 loco
992 1891 1156 1954 biediceum
1181 1893 1303 1955 alterum
1328 1909 1389 1954 non
1412 1892 1537 1973 inspexi.
1582 1893 1789 1973 Suspicionem
1816 1901 1918 1955 minen
1946 1901 2045 1954 moret

342 2011 489 2092 scriptura
514 2006 647 2070 codicum
672 2004 861 2078 deteriorum,
884 2003 993 2086 quippe
1016 2004 1066 2085 qui
1089 2023 1123 2065 ex
1147 2003 1196 2065 illo
1220 2003 1366 2084 originem
1390 2005 1535 2066 duxerint.

487 2119 601 2194 11138,
626 2119 664 2180 12
699 2117 831 2180 Halmius
853 2136 886 2179 ac
919 2117 1053 2198 plerique
1086 2118 1302 2181 recentiorum:
1340 2137 1404 2180 cum
1426 2135 1516 2200 supro
1531 2115 1689 2182 Pallantem
1712 2129 1737 2182 et
1762 2116 1913 2181 Callbtum
1941 2127 2043 2199 ogeru,

343 2237 490 2298 liitterum
513 2233 617 2304 secuti,
641 2231 692 2312 qui
716 2231 746 2292 in
762 2237 844 2292 textu
866 2229 964 2312 posuit
986 2248 1074 2311 supra
1097 2249 1153 2292 nec
1175 2231 1212 2293 de
1234 2231 1355 2294 Medicei
1379 2231 1524 2314 scriptura
1551 2231 1712 2313 quidquam
1736 2231 1784 2293 hic
1806 2231 1965 2296 adnotavit.
2006 2230 2045 2292 At

342 2350 420 2412 idem
444 2345 575 2409 Ritterus
598 2343 632 2406 ad
657 2341 694 2404 xl
714 2341 820 2422 16,19
841 2360 928 2424 super
949 2353 1063 2406 manos
1085 2341 1236 2406 attollatur
1256 2342 1297 2405 ibi
1319 2361 1404 2424 super
1430 2363 1483 2424 per
1509 2344 1587 2406 idam
1616 2343 1824 2424 compendium
1858 2343 1887 2404 in
1912 2342 2042 2406 Medicea

343 2459 431 2524 scribi
454 2458 534 2537 dicit,
566 2474 620 2538 per
653 2456 730 2536 quod
760 2453 906 2518 scribatur
929 2474 955 2518 o.
975 2453 1016 2517 28
1039 2455 1083 2534 (in
1107 2475 1177 2518 voce
1198 2457 1366 2538 superesset)
1395 2466 1425 2519 et
1447 2455 1497 2518 38.
1541 2457 1603 2521 Hoc
1625 2474 1725 2520 verum
1749 2468 1803 2528 est,
1826 2455 1897 2519 illud
1920 2455 2043 2532 falsatam

342 2591 375 2636 ec
397 2582 478 2634 recte
493 2570 626 2633 Baiterus
648 2565 755 2642 X138,
773 2568 812 2629 12
834 2568 965 2649 superio
982 2567 1236 2650 codicesoriptum
1254 2587 1318 2630 esse
1334 2568 1413 2632 dicit.
1457 2567 1587 2632 Plurima
1608 2568 1685 2632 enim
1710 2579 1780 2632 sunt
1802 2569 1944 2650 exempla,
1968 2587 2042 2650 quae

341 2683 390 2747 illo
413 2681 590 2764 compendio
612 2697 730 2760 semper
751 2697 845 2760 super,
869 2697 1031 2760 numquam
1053 2698 1144 2760 aspra
1166 2679 1324 2761 significari
1347 2682 1480 2744 doceant.
1515 2681 1665 2745 Baiterum
1688 2681 1736 2744 illo
1758 2683 1823 2746 loco
1854 2690 1974 2746 secutus
1997 2691 2042 2745 est

342 2815 423 2860 unus
447 2794 652 2877 Nipperdeius,
686 2800 851 2874 sequantur
884 2802 1001 2874 oportet
1022 2792 1127 2874 reliqui
1151 2793 1289 2864 editores,
1314 2793 1363 2856 ubi
1382 2794 1513 2874 primum
1530 2795 1691 2876 corrigendi
1707 2796 1830 2858 facultas
1853 2794 1918 2858 data
1942 2794 1998 2857 erit
2012 2802 2042 2857 ot

342 2909 475 2973 scribant
497 2926 561 2972 eum
583 2924 670 2988 saper
692 2905 852 2969 Pallantem
873 2917 900 2968 et
924 2905 1073 2968 Callistum
1095 2917 1197 2986 ageret.

483 3017 616 3092 x115‚3
639 3019 759 3082 necdum
782 3018 926 3082 mlebrare
947 3017 1096 3080 sollemnia
1116 3023 1285 3101 nuptiarum
1305 3019 1447 3082 audebant
1463 3019 1537 3094 (scil.
1551 3019 1690 3083 Claudius
1710 3030 1741 3084 et
1755 3021 1937 3101 Agrippina),
1961 3019 2042 3083 nudo

339 3133 468 3216 eumnplo
490 3134 626 3196 deductae
647 3136 679 3194 in
702 3133 818 3194 domum
837 3136 939 3212 patriti
957 3133 1063 3212 [ratris
1083 3129 1177 3212 filiae:
1200 3136 1267 3213 quin
1289 3135 1487 3207 elimentum·
1509 3151 1542 3196 ac
1564 3136 1591 3195 si
1609 3144 1800 3214 sperneretur,
1822 3151 1858 3196 ue
1879 3136 1911 3196 ia
1932 3131 2042 3195 malum

336 3248 484 3330 publicum
506 3257 673 3328 erumperet,
696 3247 881 3310 metuebatur.
928 3245 977 3308 Sic
999 3245 1209 3326 Nipperdeius;
1231 3264 1287 3308 nec
1310 3263 1389 3309 nunc
1411 3264 1532 3327 quaero,
1554 3255 1674 3309 rectene
1703 3245 1738 3308 ad
1760 3251 1897 3310 irnestum
1919 3246 2039 3328 supple-

339 3363 415 3424 rerit
437 3379 508 3434 esse;
532 3361 589 3422 hoc
611 3359 677 3422 dico
700 3367 780 3421 recle
803 3378 869 3420 eum
894 3356 1047 3440 scripsisse
1068 3358 1247 3421 muniebatur
1273 3359 1348 3436 (scil.
1372 3358 1409 3420 ab
1430 3359 1588 3440 Agrippina
1613 3368 1642 3422 et
1664 3359 1808 3440 Claudio).
1854 3358 1926 3422 Nam
1943 3359 2039 3422 Ritte·

340 3493 393 3538 rus
408 3475 440 3537 io
456 3473 557 3538 codice
579 3472 740 3535 metuebant
762 3472 874 3535 adiecta
894 3471 1004 3551 virgula
1027 3471 1132 3552 legisse
1154 3492 1186 3534 se
1208 3479 1342 3544 testatur,
1366 3470 1445 3533 uodo
1466 3470 1498 3532 in
1518 3479 1599 3534 testu
1623 3472 1722 3554 posuit
1742 3473 1911 3536 nsetuebant.
1955 3473 2041 3536 Hunc

340 3596 462 3652 secutus
486 3595 529 3649 est
552 3585 726 3648 Ptitznerus.
772 3584 844 3647 Vera
867 3584 903 3647 de
925 3585 981 3647 boc
1003 3601 1121 3666 quoque
1143 3585 1207 3647 loco
1230 3584 1343 3648 rettulit
1358 3581 1506 3659 Baiterus3
1535 3601 1604 3646 narn
1628 3586 1659 3647 io
1674 3583 1802 3648 ldedicea
1824 3594 1925 3666 aperte
1946 3585 2040 3666 sarip-

338 3707 402 3762 tum
427 3709 472 3762 est
493 3697 680 3771 metuebatur,
703 3696 791 3778 idque
813 3697 878 3759 sine
902 3697 957 3760 ulla
980 3715 1081 3760 rasura
1104 3706 1157 3759 aut
1179 3707 1355 3760 correctore.
1400 3697 1501 3777 ltaque
1522 3698 1682 3761 metuebant
1696 3707 1778 3762 textu
1794 3697 1961 3779 pellendum
1985 3703 2039 3760 est.

482 3810 655 3884 11111112
679 3810 766 3872 donec
783 3807 922 3873 Carenem
933 3809 1097 3891 profligatis
1111 3809 1235 3872 obuersis
1250 3811 1361 3890 longina
1381 3819 1505 3872 enectum
1526 3813 1632 3892 bueper
1654 3830 1673 3873 a
1695 3819 1771 3892 tergo
1791 3809 1892 3892 globus
1914 3815 2039 3873 arcum·

339 3927 457 3987 amiret.
495 3923 558 3985 Hoc
581 3921 644 3985 loco
667 3922 803 4003 displicet
825 3930 855 3984 et
877 3922 1097 4005 participiorum
1120 3923 1282 3987 iniucunda
1305 3922 1465 3986 cumulatio
1482 3931 1511 3986 et
1527 3923 1713 4006 participium
1737 3925 1871 3988 obuersus
1886 3925 1950 3987 loco
1966 3923 2039 3988 sub·

339 4035 457 4100 cendit
479 4034 621 4116 positum,
643 4033 727 4097 auius
749 4035 807 4096 hoc
830 4035 948 4098 unicum
972 4037 1048 4116 apud
1072 4035 1205 4099 Tacitum
1240 4035 1407 4117 exemplum
1438 4045 1490 4098 est
1535 4034 1595 4099 Noc
1617 4055 1686 4099 rero
1719 4036 1751 4098 in
1773 4037 1874 4101 codice
1896 4038 2037 4122 scriptum

341 4159 387 4211 est
408 4147 541 4218 abuersm
564 4147 616 4210 sed
640 4147 743 4220 obesis,
766 4146 844 4227 quod
867 4147 940 4210 vidit
963 4148 1103 4221 Baiterus,
1126 4149 1254 4228 neglexit
1277 4147 1417 4212 liitterus.
1465 4149 1525 4212 lam
1548 4150 1724 4230 comparatis
1748 4169 1824 4232 quae
1846 4151 1966 4234 scripsit
1979 4150 2037 4214 Ta-

339 4259 415 4321 citus
438 4259 472 4321 Η.
489 4258 525 4321 lli
544 4259 591 4332 17,
611 4259 649 4320 12
665 4259 803 4321 internus
817 4262 925 4322 instare
939 4259 1089 4340 peceati,
1111 4272 1238 4324 sternere
1261 4260 1356 4324 obuios
1378 4271 1408 4324 et
1433 4260 1587 4324 dun.le
1603 4260 1653 4334 30,
1670 4261 1689 4322 9
1711 4265 1841 4344 inserunt
1863 4267 1943 4352 siqua
1965 4273 2038 4330 ster-

337 4383 463 4454 nuutque
485 4372 580 4435 obvim
601 4382 627 4434 et
648 4371 708 4452 iqui
727 4389 778 4434 suo
799 4371 948 4435 inuoluunt
970 4372 1018 4435 illo
1042 4372 1106 4435 loco
1128 4373 1286 4455 profligatis
1309 4374 1397 4436 obuiis
1420 4373 1609 4437 scribendum
1633 4393 1699 4436 esse
1720 4375 1805 4438 facile
1828 4375 1974 4451 conicias:
1996 4375 2040 4438 sio

339 4484 420 4547 enim
443 4493 567 4565 utraque
591 4483 724 4559 oisensio,
759 4485 796 4547 de
818 4503 875 4566 qua
897 4502 986 4566 supra
1008 4484 1076 4557 dixi,
1110 4485 1232 4548 tollitur.
1276 4485 1337 4549 Nec
1359 4487 1456 4550 minus
1479 4485 1544 4550 lene
1567 4486 1624 4550 hoc
1655 4489 1829 4564 remedium,
1858 4509 1917 4570 quo
1940 4509 1953 4552 s
1974 4489 2041 4554 ini

339 4604 479 4675 mutatur,
504 4604 549 4658 ast
571 4615 659 4677 quam
682 4597 764 4672 illud,
788 4617 847 4678 quo
870 4615 925 4678 pro
947 4615 967 4658 u
989 4596 1127 4659 scribitur
1148 4615 1210 4670 uer,
1233 4597 1291 4660 i.a.
1314 4595 1343 4660 a.

480 4706 533 4770 xn
549 4705 599 4782 36,
618 4711 665 4784 11,
689 4709 739 4773 ubi
761 4729 859 4790 regem
883 4711 1054 4773 Caratacum
1078 4710 1175 4791 paullo
1198 4719 1266 4774 ante
1289 4721 1407 4792 captum
1432 4731 1446 4774 a
1470 4712 1591 4776 Claudio
1614 4711 1739 4776 Caesare
1771 4713 1881 4796 populo
1905 4715 2038 4778 Romano

338 4829 516 4884 ostentatum
540 4839 605 4884 esse
628 4821 746 4886 Tacitus
769 4823 880 4897 scribit,
904 4822 975 4885 baec
997 4823 1150 4902 leguntur:
1188 4825 1380 4888 incedentibus
1412 4829 1496 4906 regiis
1526 4827 1667 4890 clientelis.
1712 4826 1776 4890 Hoc
1803 4829 1867 4890 loco
1896 4827 2038 4892 menam

336 4952 390 5014 pro
414 4933 560 4996 clierttibus
582 4933 638 4996 dici
661 4935 747 5016 vulgo
770 4936 941 4998 existimant
973 4947 1061 5017 atque
1096 4935 1218 4998 eandem
1252 4937 1526 5018 interpretationem
1560 4938 1686 5020 amplexi
1720 4949 1792 5002 sunt
1820 4938 1903 5002 larici
1926 4939 2035 5002 Tacitei

337 5053 482 5117 auctores,
505 5047 553 5127 qni
578 5047 636 5108 duo
659 5046 711 5109 alia
735 5049 865 5110 eiusdem
889 5049 1107 5129 significationis
1129 5050 1261 5129 exempla
1287 5051 1438 5114 adierunt:
1462 5050 1525 5114 xttt
1543 5051 1626 5126 37,1
1651 5063 1681 5116 at
1698 5050 1838 5116 Tiridates
1859 5071 1946 5132 super
1963 5070 2037 5133 pro-

334 5163 416 5241 prios
438 5159 581 5222 clientelas
602 5177 653 5240 ope
681 5159 818 5242 Vologesis
838 5162 943 5241 [ratris
964 5162 1081 5225 adsistas
1102 5171 1132 5223 et
1155 5161 1216 5224 XlV
1237 5163 1348 5234 61,12
1371 5166 1459 5226 uitam
1481 5169 1573 5246 ipsam
1599 5169 1631 5228 in
1657 5176 1819 5228 entremum
1840 5165 1997 5228 adductam
2019 5183 2037 5226 a
